2286 4140
266 383 481 479 'invocasse
499 419 756 479 recurrerent
906 421 943 480 rt

69 574 102 618 ta
123 581 151 618 re
163 565 189 599 ²³
223 565 354 634 promitio
378 562 495 616 difficile
513 568 574 627 ert,
601 579 659 616 non
677 597 684 614 .
705 563 801 628 .tt¹⁴,
825 574 942 636 quorun

69 663 164 705 tamen
183 649 341 702 defensores
352 652 393 712 ²⁵,
422 651 444 700 ei
465 650 536 702 sorte
555 666 604 719 per
621 666 668 704 eoa
687 649 717 702 in
736 647 874 702 obeundis
891 647 943 700 do·

67 738 217 790 nationum
252 736 369 798 officiii,
396 736 521 805 neglecte
546 733 659 808 [fuerit]
684 736 793 788 utilitas
820 735 944 794 minoris,

66 838 176 894 quare,
195 839 255 876 eum
266 839 308 874 ree
325 823 379 873 erit
389 829 517 890 recepte,
537 821 719 876 commodir²⁶
736 820 903 892 spoliabitur
911 823 944 882 ²¹,

66 911 108 962 rei
129 911 248 964 emissae
267 907 638 978 perieulumpraesubnntffl.
674 908 714 960 Ita
734 907 941 962 familiaritdit·

63 995 295 1066 pendiitmetui
319 995 401 1047 etiam
433 993 573 1063 segniores
601 993 636 1046 ad
660 1011 694 1048 ea
720 995 891 1048 conficienda
909 1011 943 1048 ex
969 1000 1003 1056 86
1018 1016 1039 1050 a.

65 1081 204 1136 tarciitate
223 1080 390 1134 incitabit²⁹.
433 1083 495 1134 Post
520 1082 552 1135 ln
578 1079 679 1136 iisdem
697 1081 903 1136 conscribendis
920 1084 943 1118 ³⁰
968 1084 1039 1123 Μ’

65 1169 218 1240 praecipue
236 1183 339 1221 nomen
357 1166 514 1230 donatorie,
544 1169 588 1220 ina
616 1184 648 1220 ae
673 1187 732 1222 rem
756 1175 856 1222 notant
876 1185 941 1242 pro-

70 1253 221 1319 scribatur3
243 1261 303 1305 tum
323 1253 358 1304 eb
381 1262 500 1327 utroque
519 1254 581 1308 iure
599 1255 778 1326 conpleatur,
797 1272 890 1328 neque
909 1257 940 1310 id

71 1341 218 1404 occulto³¹,
237 1349 286 1392 ant
307 1356 356 1410 per
374 1341 529 1410 imperitos,
545 1342 737 1412 autpriratina.
773 1343 848 1396 him
867 1345 941 1398 enim

70 1427 152 1482 reboo
172 1441 256 1495 caepe
277 1425 447 1482 clandestine
468 1427 561 1492 irene,
579 1436 608 1480 et
627 1444 699 1499 quee
719 1428 790 1480 laeta
810 1437 876 1482 eunt
895 1431 940 1482 in·

65 1515 161 1577 fecta,
181 1526 210 1567 et
227 1512 372 1566 induent
391 1529 463 1584 quae
481 1515 582 1583 eeripta
599 1523 664 1568 tunt
683 1516 833 1580 rimulam,
864 1515 943 1570 aliie·

65 1617 121 1673 qne
140 1617 174 1652 ec
190 1597 293 1652 dehine
318 1600 381 1652 aliia
400 1600 541 1670 largiendo
566 1617 599 1655 ae
622 1600 771 1666 donando,
800 1618 833 1658 ac
858 1619 939 1674 saepe

66 1691 112 1742 vel
129 1686 222 1740 dando
238 1685 339 1738 multoe
351 1687 472 1740 habendi
485 1703 532 1757 epe
543 1686 656 1741 allectos
670 1705 832 1747 concurrere
846 1691 937 1744 inex·

62 1773 213 1846 pugnanda
232 1773 287 1825 eibi
305 1775 476 1846 proprietate
488 1775 607 1844 impulit.
627 1773 851 1847 'lnboleeigitur
861 1779 934 1832 ω’*
984 1775 990 1790 ’

64 1943 113 1996 qn.
131 1924 150 1973 i.
172 1917 334 1994 equando.
360 1917 393 1968 ci'.
420 1924 502 1969 notae
530 1919 582 1969 iur.
610 1915 733 1988 attngn.
757 1920 835 1988 coll.;
866 1919 931 1972 Mai.

64 1996 207 2068 qnoniam.
271 1993 315 2055 αδ)
336 1988 399 2039 Mai.
419 2000 496 2042 terta
514 2005 553 2043 re
589 1987 692 2039 Vocem
709 2002 785 2043 certo
803 1990 935 2044 incertam

66 2081 126 2118 esse
145 2071 264 2118 tentatur
282 2061 321 2112 ot.
357 2061 417 2126 ipsc
436 2058 538 2108 ridicae
555 2056 610 2109 eibi
629 2057 739 2111 ridetur
775 2071 823 2114 ota
836 2061 934 2129 aurft).

68 2150 109 2186 tn.
144 2129 385 2198 Seneoepoetulat
405 2127 697 2198 implereautelmile
715 2130 791 2200 qued.
840 2133 934 2199 nffltn

68 2206 136 2255 Mai.
155 2209 195 2256 An
206 2203 295 2257 cinit?
313 2199 455 2250 Sententia
466 2199 518 2248 loci
531 2197 723 2251 ereerirletur:
740 2201 875 2258 Minores,
893 2203 933 2253 ss.

65 2272 182 2348 quando
210 2272 317 2345 iniquis
335 2266 543 2322 condicionibus
561 2266 741 2322 donationum
762 2286 790 2323 ee
808 2271 932 2324 subiece-

62 2349 138 2409 rint,
155 2341 297 2414 indefensi
314 2357 372 2393 raon
389 2350 489 2400 erunt,
509 2339 529 2394 i.
547 2355 569 2391 e.
589 2341 621 2390 in
637 2341 773 2408 integrum
785 2341 931 2394 restituen-

63 2431 120 2467 ων.
203 2414 249 2484 25)
268 2409 320 2462 th.
332 2407 360 2460 C.
379 2411 422 2462 ito
440 2420 470 2462 ut
489 2409 626 2462 minorum
645 2406 818 2479 desertiora,
839 2417 864 2462 si
880 2428 931 2481 per

63 2503 112 2539 eos
139 2483 323 2538 donationum
352 2476 482 2532 condicio
505 2479 632 2547 neglecta
661 2491 721 2541 est,
747 2482 792 2533 rei
816 2483 931 2535 amictae

60 2555 221 2628 periculum
237 2560 398 2620 praestent,
419 2563 489 2618 qnae
507 2548 527 2598 1.
550 2549 578 2600 C.
600 2549 713 2600 omittit.
748 2550 866 2620 repetita
883 2567 933 2601 au·

63 2631 205 2678 temnunt
227 2623 256 2674 in
277 2621 307 2671 L.
317 2637 340 2672 a.
351 2617 403 2670 Th.
414 2619 442 2670 G,
461 2617 495 2667 de
516 2618 587 2672 adm,
608 2626 635 2671 et
653 2635 709 2688 per.
730 2626 781 2671 tut.
800 2620 932 2692 (3‚19.)et

63 2699 94 2748 t.
106 2693 219 2749 nuic.
238 2690 297 2742 enti
308 2688 414 2759 (5,37.),
432 2703 504 2758 quae
515 2689 793 2760 incipitPupillorum
811 2707 858 2742 eeu
878 2694 931 2742 mi-

64 2781 166 2818 norum
183 2763 231 2816 rel.
304 2762 356 2826 26)
368 2757 407 2810 Ita
426 2758 515 2810 locum
535 2759 668 2810 ordinavi.
704 2759 735 2809 V.
746 2756 809 2812 Mai.
827 2761 932 2813 habent

64 2836 189 2906 (pliciis,
207 2849 296 2905 quare
313 2846 375 2883 cum
394 2845 438 2880 ree
455 2830 657 2898 reincoepto,
675 2831 800 2882 neclecta
820 2832 930 2887 utiliter

63 2906 184 2959 minoris
202 2898 348 2955 commodis
368 2897 414 2950 rel.
522 2903 567 2965 ⁹7)
586 2901 626 2950 lta
646 2900 677 2950 V.
698 2900 814 2951 reconda
833 2919 930 2964 manu5

64 2977 152 3043 priene
171 2973 347 3044 probabitur.
455 2969 500 3036 28)
520 2969 689 3022 Sententiam
710 2970 762 3021 loci
782 2970 852 3021 hanc
873 2988 931 3024 eree
1017 3025 1019 3032 ,

63 3054 150 3114 puto:
179 3046 204 3094 si
222 3041 380 3111 defensores
398 3039 534 3092 minorum
554 3037 661 3094 modum
680 3038 804 3093 donatae
822 3048 863 3094 rei
881 3043 931 3094 inr-

62 3119 183 3185 poeitum
202 3129 260 3164 non
286 3111 482 3179 impleverint,
509 3105 627 3180 ideoque
655 3107 772 3162 donatio
797 3124 932 3166 revocata

59 3186 164 3252 fuerit.
184 3183 300 3234 amiatae
320 3181 364 3232 rei
380 3179 535 3249 perieulum
553 3179 744 3248 praestabunt.
797 3182 841 3250 29)
859 3182 932 3234 Haec

64 3273 116 3306 om.
136 3251 190 3304 Th.
201 3259 228 3302 ct
239 3251 304 3301 lust.
316 3249 345 3298 C.
416 3250 462 3320 30)
490 3246 541 3300 Th.
557 3250 611 3300 etl.
622 3248 651 3300 C.
671 3251 705 3301 In
723 3249 934 3304 coraseribendir

65 3340 156 3378 antem
174 3319 381 3374 donationibus·
453 3318 499 3389 3¹)
517 3317 567 3372 Th.
584 3326 612 3370 et
626 3319 646 3368 1.
658 3319 689 3372 C.
709 3336 765 3372 rem
784 3317 881 3374 notari
899 3339 933 3374 ο-

62 3407 175 3466 portet,
197 3409 232 3444 ne
252 3407 287 3442 ue
308 3387 340 3440 id
354 3388 470 3442 occulte.
505 3387 655 3458 Sequentia
679 3402 731 3442 out
747 3409 772 3458 p.
795 3393 857 3461 imp.
876 3406 934 3440 non

65 3475 129 3517 sunt
150 3466 179 3515 in
200 3463 220 3512 1.
231 3411 260 3512 g
314 3459 360 3531 32)
379 3461 479 3514 His
494 3459 603 3526 impulit
624 3474 680 3509 non
697 3458 761 3512 hab.
781 3459 832 3512 Th.
842 3460 895 3511 eti.
906 3457 933 3507 C.

63 3536 111 3602 3³)
130 3535 172 3586 lta
190 3530 224 3584 V.
241 3529 330 3601 prima
350 3545 446 3595 manu3
474 3528 594 3582 reconda
615 3525 733 3581 indicta.
827 3528 871 3597 34)
891 3530 934 3608 ltu

709 3613 735 3666 D
883 3627 885 3630 .
