2286 4130
200 324 236 381 eo
269 321 434 398 ,Quanno
452 321 626 378 nonaron
645 321 921 378 arretinorum
941 343 995 378 m,

201 463 280 517 stitit.
324 475 415 534 neque
443 465 518 516 enim
536 463 621 516 tacita
640 464 793 518 liberalitas
815 465 940 517 defuncti
958 467 1071 535 permit-

99 576 137 628 ¹9·
152 558 178 611 b,
202 549 326 604 comisit*
343 552 465 603 retinere
484 552 625 620 peculium
643 549 749 622 poltuit
769 553 904 620 intellegi.

194 639 218 710 §.
239 641 299 692 alia.
335 638 413 690 ltem.
450 637 573 708 Sponsae
592 655 634 691 ree
653 639 817 708 simpliciter
835 639 1070 692 donataenonrn·

194 723 298 778 aecutia
325 725 433 794 nuptiis
461 738 518 777 non
546 731 719 794 repetuntur.
760 724 808 777 aed
836 725 889 776 etsi
920 724 1068 779 adfinitatis

196 809 398 864 contrahendae
417 825 498 863 causa
519 809 683 862 donationes
702 810 792 862 iactae
811 819 876 863 aunt
895 817 924 862 et
937 812 1066 864 nuntium

195 911 311 967 sponsae
338 897 420 968 eulpa
444 905 492 949 ina
519 898 672 958 remiserit,
700 912 790 966 aeque
809 913 869 949 non
896 905 1065 966 repetuntur.

197 985 272 1055 quod
292 985 332 1036 ita
351 982 476 1052 intellegi
497 989 627 1053 oportet,
646 984 670 1034 ai
690 981 859 1036 revocandae
878 983 1068 1036 donationislt

194 1070 322 1123 condicio
349 1077 419 1124 non
435 1069 575 1122 coniuncti
603 1069 773 1122 matrimonii
801 1069 1065 1140 conpraehendator,

195 1157 284 1208 aron88
302 1156 464 1228 perficiendi
486 1164 649 1209 contractus.

191 1241 297 1312 §.aaa
333 1245 411 1295 item.
449 1245 532 1307 Eam,
560 1261 629 1314 quae
649 1243 722 1296 bona
739 1259 787 1295 aua
809 1243 874 1294 filiis
892 1259 944 1314 per
962 1247 1065 1314 episto-

192 1329 247 1380 lam
267 1333 334 1382 citra
354 1331 561 1398 stipulationem
579 1329 714 1393 donavit,
731 1318 1065 1399 sinequepoasesaioncm

193 1411 282 1470 rerum
302 1418 469 1485 singularum
493 1416 629 1482 tradidit,
653 1433 745 1487 neque
763 1432 814 1486 per
831 1419 1062 1486 mancipationem

193 1503 369 1572 praediorum
390 1505 543 1556 dominium
565 1504 725 1566 transtulit,
755 1520 807 1555 nec
826 1504 1000 1572 interpositis
1017 1506 1064 1556 ele·

192 1587 379 1656 legationibus
399 1599 447 1643 aut
466 1589 606 1644 inchoatio
622 1590 720 1643 litibus
731 1591 855 1642 actiones
869 1591 998 1653 novavit,
1020 1595 1061 1643 ni-

191 1672 233 1724 hil
255 1679 341 1744 egisse
357 1679 470 1748 placuit.

191 1759 211 1830 §·
234 1764 293 1832 atii.
328 1763 406 1817 item.
441 1763 577 1829 Matrem,
605 1779 675 1835 qnae
700 1763 759 1816 sine
777 1763 878 1816 tutoria
895 1764 1060 1819 anctoritate

192 1847 251 1900 lilio
270 1850 428 1905 donationis
448 1868 530 1905 causa
547 1858 706 1923 praecentet
725 1867 817 1906 nervos
842 1852 985 1922 mancipio
1011 1851 1060 1906 rie·

191 1931 249 2000 dit,
267 1937 415 2006 perfecisse
434 1938 612 1993 donationem
632 1938 763 2008 apparuit
771 1937 801 1988 ⁸⁹.

189 2018 210 2092 §-
227 2025 286 2079 265.
321 2025 398 2078 item.
441 2022 543 2078 Aur’um
564 2030 767 2095 cingentem,
788 2023 863 2096 quod
881 2025 915 2079 in
934 2040 964 2079 re
981 2041 1059 2095 prae·

190 2111 263 2164 senti
282 2111 356 2175 luit,
374 2119 452 2182 pater
471 2111 529 2165 iilio
550 2113 590 2164 aui
609 2112 677 2162 iuria
698 2109 830 2173 donavit,
861 2111 979 2182 eiusque
996 2129 1060 2183 poa·

188 2197 338 2250 sessionem
357 2198 484 2251 traditam
503 2213 562 2250 esee
582 2197 764 2249 instrumento
783 2196 873 2266 palam
892 2197 976 2252 iecit:
1003 2215 1060 2250 non

187 2277 324 2335 idcirco⁹⁰
347 2283 523 2336 donationem
543 2285 652 2335 inritam
674 2282 771 2335 factam
791 2284 967 2346 existimavi,
987 2285 1060 2355 quod

193 2386 271 2422 usum
290 2372 413 2423 omnium
433 2383 522 2424 rerum
544 2369 618 2440 apud
637 2377 742 2439 patrem
762 2370 836 2422 filine
857 2370 975 2441 reliquit
990 2372 1019 2418 ⁹¹.

182 2531 319 2600 parentia.
340 2531 399 2582 Sar.
470 2531 528 2595 ὅθ’)
555 2530 586 2580 V.
603 2531 796 2598 promittentia.
816 2531 881 2583 Mat.
953 2531 1000 2599 87)
1022 2532 1060 2581 lta

187 2602 246 2653 Sor.
266 2600 353 2662 Kell.;
376 2601 407 2652 V.
425 2599 489 2651 Mai.
509 2603 676 2653 revocantia.
711 2600 777 2651 Mai.
801 2598 965 2658 donatione.
1014 2603 1060 2670 88)

188 2672 229 2722 lto
248 2670 293 2734 V.;
312 2671 374 2721 Mai.
393 2670 478 2722 habet
496 2670 544 2723 sed
563 2687 609 2736 pro
632 2688 697 2722 non.
760 2672 806 2738 89)
825 2673 885 2721 Post
904 2669 979 2721 hunc
999 2687 1060 2721 ver-

187 2755 246 2792 sum
268 2743 454 2810 interponitur
473 2740 614 2792 scholion:
633 2740 808 2792 Pottiettau'o
830 2741 995 2793 donationis
1016 2741 1060 2793 irr-

187 2824 230 2865 rer·
253 2813 382 2882 privatos
400 2813 458 2864 vim
477 2811 660 2880 obligationis
680 2829 738 2862 uon
755 2809 875 2864 inducit.
959 2813 1007 2881 90)
1029 2812 1060 2864 V-

187 2881 251 2932 Mai.
272 2884 380 2938 iccirco.
416 2882 462 2953 9')
481 2881 513 2934 V.
530 2884 619 2952 prima
639 2895 721 2932 mauu
734 2879 865 2952 reliquid.

495 3151 728 3174 αι’..
