2286 4130
820 905 841 988 l

367 1044 447 1122 DE
481 1041 941 1124 COGNITORIBUS

412 1171 900 1336 unocunffiomnos,

123 1469 199 1524 Gab.
218 1473 239 1546 s.
259 1475 318 1544 317.
356 1510 362 1523 .
380 1511 386 1524 .
408 1470 505 1546 .apssd
523 1483 586 1526 octa
600 1454 697 1544 facto*
712 1470 717 1543 Ι
733 1470 903 1541 procuratori
921 1469 991 1522 haec
1009 1472 1091 1524 satis-

220 1561 297 1613 datio
317 1561 420 1615 remitti
436 1562 512 1613 solet
557 1575 621 1610 narn
647 1575 709 1611 cum
733 1557 808 1626 apud
836 1565 897 1610 acta
922 1572 980 1611 non
999 1557 1091 1610 nisia

218 1656 364 1718 praesente
380 1647 492 1700 domino
510 1647 708 1709 constituatur,
727 1646 876 1714 cognitoris
894 1644 956 1697 loco
973 1643 1091 1698 intelle·

219 1733 323 1803 gendos
342 1741 390 1786 est.
427 1731 469 1784 Ad
486 1731 690 1784 defendendum
707 1732 848 1801 cognitore
867 1730 1023 1784 constituto
1042 1730 1092 1784 sio-

217 1819 326 1883 minua,
350 1834 408 1871 non
434 1818 584 1886 cognitor,
606 1819 695 1870 actori
711 1816 845 1870 satisdare
862 1815 1005 1886 cogendus
1026 1825 1090 1871 est:

218 1921 280 1958 curn
297 1915 361 1960 aero
377 1913 538 1976 procurator
555 1903 716 1958 defensurus
731 1895 900 1967 intervenit,
918 1919 977 1956 noa
995 1901 1092 1957 doari-

217 1999 285 2056 nus,
309 1990 358 2043 sed
380 1997 538 2068 procurator
557 1989 709 2042 iudicatum
726 1989 794 2042 solvi
812 1987 947 2042 satisdare
965 1989 1091 2060 compel-

216 2077 293 2132 litur.
330 2092 400 2148 quae
417 2075 559 2129 satisdatio
577 2077 647 2130 adeo
668 2076 822 2130 neccssaria
840 2081 891 2138 eat,
912 2081 945 2127 ut
962 2088 1025 2128 esna
1042 2092 1092 2129 re-

150 2157 164 2169 *
216 2165 291 2217 mitti
309 2179 367 2216 non
384 2165 484 2234 posse².
504 2163 612 2217 etiamsi
629 2163 704 2232 apud
712 2169 772 2214 aeta
782 2149 942 2231 procuratos·
951 2162 1091 2216 eonstitu-

219 2259 296 2314 atur,
322 2248 400 2302 divus
425 2249 540 2303 Severus
567 2250 749 2302 constitues-it.
791 2252 932 2319 cognitore
952 2247 1030 2300 enim
1047 2249 1091 2302 in·

216 2338 389 2388 tervaniente
418 2335 535 2388 iudicati
563 2336 661 2389 ιιοιίο3
690 2319 804 2389 domino
832 2335 875 2388 sei
893 2335 924 2386 in
942 2332 1089 2389 dominum

217 2421 314 2474 datur:
330 2437 386 2473 uon
403 2421 470 2472 alias
489 2421 562 2474 enim
573 2425 697 2494 cognitor
717 2421 893 2491 experietur⁴
909 2421 955 2474 vel
973 2423 1000 2475 ei
1020 2424 1089 2475 acti·

217 2509 288 2561 οηὶι
313 2507 481 2570 subicietur,
508 2509 612 2578 quarn⁶
635 2511 658 2561 si
677 2509 707 2560 in
725 2525 781 2561 sem
802 2524 877 2561 suam
896 2510 1027 2576 cognitor
1047 2511 1090 2562 ia·

217 2601 276 2647 ctus
295 2595 339 2647 sit.
381 2595 583 2649 interveniente
608 2601 785 2666 procuratore
808 2595 926 2649 iudicati
951 2597 1030 2650 actio
1056 2614 1090 2648 ex

217 2683 308 2735 edicto
326 2689 460 2752 perpetuo
478 2682 531 2752 ipsi
551 2691 579 2736 et
597 2683 749 2754 idipsum,
777 2699 835 2738 non
861 2681 976 2736 doniao
994 2683 1042 2736 vel
1059 2686 1090 2736 in

217 2769 373 2832 domiuum,
393 2769 525 2838 conpetit.
862 2763 865 2786 ¹
1013 2765 1023 2774 '

217 2854 239 2927 §·
260 2857 318 2910 318.
355 2854 419 2923 Uip.
436 2853 486 2911 lib,
503 2855 576 2908 vlit.
600 2852 636 2905 ad
654 2853 784 2913 edictum.
827 2855 908 2909 Noni
932 2861 1028 2908 tamen
1046 2857 1087 2908 sie

214 2947 296 3012 putat
313 2939 396 2995 certis
410 2940 502 2997 verbis
522 2941 690 3012 cognitorem
709 2942 768 2996 dari
788 2940 904 3008 debera,
924 2943 975 2996 ιη’
989 2942 1085 3015 siquid

508 3080 790 3094 m.-

287 3164 371 3237 r)1ta
390 3166 523 3236 supplevi.
544 3165 617 3218 ttett.
632 3167 800 3284 crassensis.
854 3166 1032 3236 2)1tattsi.;
1053 3165 1084 3216 i.

211 3249 358 3358 {sorssgrtdavi
369 3235 471 3372 ,2122
488 3236 671 3370 {dignioribri
681 3234 955 3378 ῘἱῘῙει1Ῐιίιιηίώσῗιιὲιιιἵεονί
972 3237 1083 3376 sigelin

213 3387 267 3430 tur.
334 3375 361 3442 5)
382 3373 412 3424 V.
432 3375 496 3426 Mai.
515 3381 596 3428 actio.
668 3378 697 3444 6)
718 3375 759 3426 Ita
778 3377 860 3443 Mai.;
880 3378 912 3429 V.
931 3396 957 3449 q.
969 3377 1027 3430 iussa
1046 3377 1080 3428 li-

212 3460 266 3498 nea
287 3440 467 3511 superducta,
485 3445 502 3496 i.
523 3461 547 3502 c.
568 3447 710 3522 quoniam.
780 3445 987 3512 trutinante
1013 3446 1077 3500 Msi.

214 3511 255 3568 ad
269 3511 387 3570 edictum
406 3532 462 3568 nou
482 3525 573 3570 sumen
593 3517 640 3567 rei.
696 3514 740 3586 ¹8)
759 3463 800 3569 ita
817 3517 901 3587 Mai.;
919 3516 951 3570 V.
968 3533 986 3570 rs
1003 3516 1076 3571 linea
