2286 4140
220 420 282 476 xlv
557 416 750 473 ΡΜΕΕΔῚἹΟκ

220 571 250 622 et
269 559 322 642 87.
364 557 462 619 Locos
481 553 637 640 denique,
659 556 715 642 qui
735 557 767 618 in
791 529 858 617 aliis
874 574 999 638 quoque
1018 561 1090 618 iuris

219 690 425 754 monumentis
457 689 690 768 invenirentur,
725 709 789 752 non
817 687 916 750 solum
944 687 1090 762 indicavi,

116 830 118 836 '
221 819 277 885 sed
308 820 401 884 etiam
423 819 520 888 verba
544 841 670 902 aarum,
699 841 778 905 quae
805 841 824 884 a
851 818 964 883 codicis
998 825 1092 884 nostri

221 954 374 1038 scriptura
396 953 607 1036 discederent,
632 954 771 1040 opposui.

306 1088 451 1148 Ceterum
469 1088 546 1170 quid
560 1087 802 1169 praestiterimus
818 1083 988 1148 benevolus
1002 1085 1094 1150 lector
1126 1167 1127 1180 p

223 1221 287 1300 ipse
307 1215 467 1282 diiudicet.
500 1215 631 1282 Silentia
643 1227 746 1299 autern
758 1217 1018 1301 praetereundum
1038 1241 1094 1282 non
1126 1195 1127 1202 ἵ

224 1360 269 1414 est
289 1369 358 1428 me,
381 1360 418 1412 ut
437 1350 470 1412 in
488 1360 555 1413 arte
568 1349 675 1412 critica
692 1349 795 1412 minus
818 1353 1041 1432 exercitatum,
1062 1356 1095 1414 ad

224 1501 301 1566 opus
326 1481 555 1567 suscipiendum
585 1503 649 1544 non
676 1501 756 1543 vana
791 1481 900 1542 fiducia
926 1485 1011 1565 mei,
1050 1487 1095 1547 sed

226 1614 317 1677 amici
338 1636 411 1679 vere
443 1614 565 1678 candidi
581 1614 715 1700 Puggaei
741 1612 973 1691 adhortatione,
1010 1629 1096 1701 atque

225 1750 391 1830 praecipue
408 1718 673 1822 constemens,
696 1745 779 1828 quod
790 1745 906 1829 collega
925 1746 1007 1810 mihi
1029 1773 1093 1812 con·

226 1880 435 1943 iunctissimus
451 1881 632 1963 Biickingius
653 1898 763 1960 operae
780 1877 898 1940 socium
914 1901 948 1942 se
959 1881 1093 1946 futurum

226 2012 446 2096 spopondisset.
490 2023 520 2074 et
542 2011 594 2074 hic
608 2011 731 2095 quidem
755 2029 814 2094 pro
830 2031 885 2074 suo
906 2032 981 2096 erga
1011 2036 1092 2076 mer·

227 2165 313 2206 more
336 2155 367 2214 et
382 2122 553 2207 litterarum
576 2144 853 2226 promovendorum
876 2145 980 2208 studio
1002 2148 1094 2231 religi·

228 2280 380 2358 osissime,
408 2288 443 2339 ut
463 2275 559 2356 solet,
582 2275 792 2338 vadimonium
814 2275 959 2340 obeundo
979 2291 1015 2341 et
1043 2303 1095 2344 ma

228 2429 278 2473 am
312 2412 406 2492 ipsius
441 2417 471 2471 et
504 2407 652 2470 lectorum
679 2410 810 2492 gratiam
841 2408 1006 2474 demeruit.
1053 2415 1096 2476 ln·

226 2542 307 2604 dices
327 2545 420 2604 etiam
444 2541 483 2603 ab
517 2541 584 2624 ipso
613 2541 768 2604 coniectos
788 2543 984 2609 utilissimam
1007 2549 1096 2614 tibet.

226 2677 427 2738 accessionem
460 2695 523 2737 esse
549 2672 638 2736 facile
658 2696 781 2738 meeum
801 2675 928 2740 lectores
950 2685 1093 2746 sentient.

225 2807 372 2870 Eiusdem
393 2818 495 2868 autem
527 2797 587 2868 iiri
616 2806 655 2874 cl.
679 2806 904 2871 observationes
937 2822 969 2873 et
989 2835 1094 2881 emen·

224 2938 360 3002 dationes
383 2939 509 3002 adiectis
529 2936 639 3002 litteris
659 2939 717 3022 Bp.
737 2950 774 3002 ut
793 2938 961 3023 plurimum
983 2946 1094 3013 distin.

220 3093 330 3138 ximus.

279 3189 377 3271 sertis.
389 3205 523 3284 Bonane,
536 3226 630 3272 mens.
641 3207 737 3272 Mart.
751 3227 779 3267 a.
789 3205 1093 3280 Mncccxxxru.

481 3417 813 3446 *⁶*-
