2286 4140
197 372 215 426 8
519 369 565 424 EX
584 369 705 424 ΕΜΡἸὈ

197 510 282 580 quod,
298 510 321 562 si
341 509 460 562 voluerit
484 509 603 563 liberum
629 524 707 562 suum
727 505 881 577 legitimum
899 507 1077 578 reciperare,

195 603 263 648 tunc
280 595 310 648 in
329 597 388 649 eius
407 596 498 666 locum
513 597 681 667 mancipium
698 594 809 648 domino
829 595 919 656 daret,
937 601 986 648 aut
1004 610 1076 664 pre·

194 682 266 732 tium
287 697 344 752 quo
360 683 492 734 valuisset
511 688 687 748 uumersrct3
722 681 807 734 etiarn
826 696 901 733 nune
927 682 950 734 si
972 697 987 732 a
1013 683 1073 735 suis

192 766 357 838 parentibus
376 774 450 820 certo
468 769 561 840 pretio
577 769 742 838 conparasti,
761 768 806 820 ius
823 755 940 820 dominii
959 773 988 820 te
1004 785 1073 839 pos-

195 853 287 906 sidere
303 853 499 908 existimamus.
535 854 646 907 nullum
667 861 760 907 autem
778 868 812 906 ex
825 854 979 922 gentilibus
994 853 1072 908 libe-

195 955 257 992 rum
277 939 424 1012 adprobari
448 942 522 995 licet
564 939 724 1012 subscripta
738 940 797 995 ΧΠ.
815 937 872 994 kal·
890 940 977 1012 sugg.
995 942 1070 998 Con·
1136 979 1137 990 ,

194 1028 316 1081 stantiae
333 1029 399 1098 Aug,
420 1028 465 1080 lll.
484 1023 673 1099 conss-(313.)

196 1114 217 1184 §.
236 1115 278 1168 35,
305 1115 431 1183 ,Augxet
448 1115 582 1167 cleosa.
618 1113 702 1166 Nulla
719 1112 902 1166 verecundiae
919 1113 965 1166 vel
987 1115 1070 1184 quie·
1134 1121 1136 1174 i

196 1201 232 1249 tis
259 1216 335 1252 mora
364 1199 410 1252 vel
441 1201 573 1274 quolibet
599 1199 748 1254 intervallo
775 1197 923 1253 cunctandi
951 1201 1071 1268 passim,

195 1301 271 1342 nunc
289 1287 402 1358 singuli,
425 1287 507 1340 modo
525 1288 640 1358 populi,
660 1294 822 1357 promentes
841 1286 872 1338 iu
889 1291 999 1341 nostros
1016 1285 1072 1338 ob·
1136 1323 1137 1336 t

195 1375 321 1435 tutus³¹,
344 1374 385 1426 sie
404 1375 554 1428 uniformes
573 1373 713 1448 querellas
740 1371 840 1428 iisdem
852 1374 875 1410 ⁸²
893 1371 951 1426 iere
965 1388 1072 1428 sermo·
1135 1431 1136 1438 ,

196 1459 383 1515 cinationibus
404 1462 574 1524 volutarunt,
596 1467 632 1512 ut
648 1477 700 1514 uec
718 1459 958 1530 interpellantium
974 1458 1074 1512 credu-
1135 1457 1136 1478 ³

196 1545 269 1598 litati
287 1547 392 1599 valeret
408 1548 534 1612 occurri,
549 1561 602 1598 nee
620 1546 818 1618 allegationum
839 1544 960 1617 qualitas
977 1546 1073 1618 dispa-
1134 1611 1135 1616 ἵ

197 1634 270 1695 rari,
288 1647 386 1700 parens
407 1633 547 1686 carissime
560 1639 644 1702 atque
662 1633 848 1686 amantissime
856 1633 888 1692 ³³,
922 1631 1014 1685 Parta
1032 1635 1071 1685 si·
1135 1701 1136 1704 Ἴ

200 1719 310 1787 quidem
329 1721 455 1788 exemplo
466 1718 711 1774 vociferationibus
725 1720 859 1790 consules,
876 1717 1071 1773 multitudines

199 1814 387 1859 memorarunt
398 1808 430 1870 ³⁵,
446 1821 504 1859 non
520 1806 592 1859 iuste
611 1822 654 1860 ras
670 1822 732 1858 suas
747 1821 805 1858 esse
822 1803 990 1871 divenditas3
1009 1805 1071 1858 aliis
1135 1805 1136 1814 ‘

199 1893 408 1961 possidentibus
429 1908 459 1945 se
476 1891 580 1946 fiscalia
604 1894 696 1946 luere:
720 1892 860 1964 frequenti
879 1890 1001 1963 denique
1021 1890 1072 1942 ol>

201 1981 352 2034 sacratione
369 1979 460 2032 delata
473 1978 627 2033 remedium
639 1979 813 2049 cupiverunt.
827 1978 876 2030 llis
888 1993 981 2031 sumus
992 1978 1071 2033 valde

201 2066 336 2133 pennoti,
354 2074 479 2119 verentes
496 2082 532 2119 ne
551 2066 668 2118 alicuius
685 2064 886 2120 calliditatibus
905 2064 1071 2118 adversabili
1135 2085 1136 2088 ¹

201 2153 387 2206 emolumento
406 2155 529 2222 persuasi
548 2168 590 2206 res
610 2163 673 2206 tuas
688 2151 840 2206 venderent
857 2152 916 2206 sine
929 2167 1023 2217 ceusu,
1040 2167 1071 2205 ac

200 2247 264 2311 post
291 2238 416 2293 subsidia
432 2246 541 2293 nostrae
566 2239 786 2292 mansuetudinis
806 2246 996 2308 precarentur3
1018 2240 1070 2294 lta-

201 2341 256 2395 que
272 2325 400 2380 versutiis
426 2326 586 2380 calliditatis
606 2334 761 2380 commenta
780 2323 977 2389 miscentibus,
1007 2327 1070 2380 dau

201 2411 367 2466 insidiarum
378 2413 401 2450 ³⁶
416 2412 574 2468 fallentium
589 2431 647 2470 uon
662 2417 831 2486 suspicamur
843 2427 952 2475 arcana,
963 2427 1014 2482 pro
1029 2413 1071 2467 in·

201 2501 348 2554 nocentiae
356 2507 466 2556 nostrae
476 2509 574 2554 natura
588 2509 692 2556 ceteros
706 2501 891 2564 aestimantes,
905 2499 1071 2554 detrimento

202 2599 298 2642 census
315 2587 469 2642 nocentis⁸⁷
486 2586 645 2642 levaremus.
680 2587 736 2640 Has
760 2588 885 2652 fraudes,
911 2584 962 2640 bos
985 2583 1071 2646 dolos,

486 2733 777 2750 Ἣ

200 2830 298 2888 Etiam
326 2847 404 2887 nune
430 2833 479 2886 rel.
621 2831 671 2952 3ο)
698 2832 774 2884 Huec
797 2831 974 2887 Constantini
1008 2848 1072 2888 con·

201 2901 312 2956 stitutio
325 2908 462 2957 ‚truncata
483 2909 571 2957 exstat
596 2901 627 2956 in
647 2902 654 2920 '
672 2900 753 2954 heod.
774 2900 844 2962 Cod.
859 2904 923 2972 epit
945 2903 975 2954 t.
995 2917 1021 2958 a.
1039 2903 1071 2956 de

129 2991 132 3004 ¹
201 2977 287 3026 contr.
308 2981 391 3044 empt.
411 2973 449 3042 (3,
474 2972 509 3040 s.)
526 2974 657 3042 iuscripta
677 2973 769 3026 Conse.
786 2975 818 3026 A·
836 2971 877 3028 ad
895 2972 1072 3044 origarium,

184 3042 251 3111 ‚qui
269 3039 309 3096 Pi.
329 3040 356 3094 Ρ,
375 3041 431 3098 init
451 3057 474 3094 a.
495 3044 556 3096 ste.
570 3049 599 3095 et
616 3043 754 3165 sespuenti.
861 3044 892 3098 ar
924 3041 958 3098 V.
975 3043 1007 3096 in
1026 3039 1072 3096 ob-

201 3123 286 3165 rutus.
357 3113 403 3181 is)
421 3113 457 3170 V.
476 3111 555 3166 idem.
673 3115 700 3180 3)
718 3111 867 3167 Sollemuis
920 3111 971 3166 aet.
989 3119 1072 3180 praet

202 3179 365 3251 alloquendi
394 3183 520 3235 formula.
564 3181 598 3238 V·
615 3201 645 3254 p.
669 3181 694 3236 it.
714 3195 773 3255 atq.
797 3201 823 3236 a.
843 3200 871 3242 a.
893 3181 1069 3236 Posteriorem

202 3251 297 3320 siglam
317 3253 472 3322 augustalis
488 3251 672 3322 explicaverat
681 3253 763 3323 Μαί.)
784 3249 880 3306 sedin
903 3250 1072 3304 additamen-

201 3321 238 3373 tis
265 3323 391 3376 correxit.
504 3321 550 3392 it)
570 3321 603 3374 V.
620 3323 707 3398 paris.
821 3321 867 3393 35)
886 3320 920 3379 v,
939 3336 1072 3377 memora·

203 3391 280 3444 tunt.
315 3389 381 3449 Mal.
401 3391 600 3456 memorabunt,
699 3391 745 3466 ³6)
766 3391 799 3450 V.
820 3393 973 3448 insacrum.
1025 3391 1070 3460 ³2)

205 3460 247 3518 tu
266 3459 295 3516 V.
317 3475 369 3532 pro
389 3473 525 3519 nocentes.
