2286 4140
203 427 241 486 Μ
483 430 530 484 nt:
547 429 764 485 USUFRUCTU.

184 567 186 574 “
204 563 268 616 dem
286 563 412 632 legatarii
430 571 495 616 sunt
515 565 577 627 fili,
604 574 697 634 partes
728 567 850 619 runtffl:
869 565 892 617 si
914 567 1088 631 non'snnt,

203 650 263 702 sola
280 655 367 700 mater
383 649 514 721 legatario
533 657 591 717 est,
610 669 661 704 noc
673 653 825 706 mortalitas
842 651 994 708 liberorum
1016 671 1089 724 par·

202 743 258 789 tem
279 737 305 787 ei
326 735 401 792 facit.

201 821 223 892 §-
241 822 320 892 87.¹⁴⁶
353 819 471 875 Sabinus
489 829 562 876 certe
580 825 672 878 verbis
688 825 748 896 istis
765 842 821 879 non
839 825 962 878 ostendit
979 831 1082 880 utrum

201 909 327 977 legatarii
345 908 450 962 suerint
468 926 519 962 neo
539 926 585 964 ne.
622 913 670 965 sed
697 913 865 965 lulianussta
890 913 941 964 lib.
967 913 1082 972 XXXV.

200 995 262 1064 mg.
290 995 377 1048 relata
408 995 504 1048 Sabini
533 997 730 1070 seripturanait
755 998 966 1068 intelligendum
998 1015 1079 1062 essm,

201 1083 250 1152 qui
272 1083 344 1134 solos
363 1083 467 1136 liberos
488 1082 604 1137 heredes
623 1086 736 1148 scribit,
755 1101 813 1136 non
834 1094 865 1137 ut
874 1086 1079 1153 legatariorum

199 1168 297 1222 fecisse
314 1171 483 1224 mentionem
500 1163 581 1234 ,'sed
606 1180 638 1224 ut
669 1173 829 1225 ostenderet
853 1173 938 1241 magio
956 1180 1077 1226 matrem

199 1255 239 1306 ita
257 1271 286 1308 se
304 1256 374 1309 velle
396 1257 467 1320 irui,
492 1263 524 1309 nt
551 1257 654 1311 liberos
675 1275 766 1310 secum
786 1257 903 1312 hebeat:
933 1258 1075 1330 alioquin,

199 1343 310 1411 inquit,
339 1343 368 1395 in
391 1344 566 1396 damnatione
583 1347 654 1396 ratio
672 1361 729 1396 non
751 1345 928 1414 permittebat
946 1347 989 1396 ius
1019 1345 1077 1398 od·

200 1431 338 1482 crescendi
358 1471 366 1488 .
384 1433 530 1500 proposuit
545 1437 638 1482 autem
659 1431 781 1484 lulianus
800 1431 844 1483 vel
863 1431 898 1484 do
917 1430 979 1498 lego
994 1430 1074 1499 lega-

199 1523 257 1566 tum
278 1517 488 1577 usumfructum,
508 1517 553 1572 vel
570 1533 620 1585 per
640 1515 860 1588 damnationem
879 1523 907 1569 et
923 1518 1075 1580 sionensit,

199 1602 277 1670 quasi
297 1601 424 1672 legatarii
444 1602 499 1654 siut
517 1611 545 1653 et
562 1600 677 1655 heredes
698 1603 767 1663 soli,
794 1603 822 1652 in
842 1600 876 1654 do
897 1600 959 1670 lego
977 1602 1072 1670 legato

198 1703 255 1738 non
273 1702 331 1738 esse
350 1686 391 1737 ius
405 1687 596 1748 adoreneum,
616 1699 698 1758 osque
716 1688 739 1738 si
758 1687 837 1742 alteri
856 1686 890 1737 ab
918 1687 1006 1740 altero
1029 1688 1072 1739 le-

199 1779 293 1840 getur,
319 1775 449 1843 quoniam
472 1774 671 1841 ofisemetlpsis
696 1775 836 1828 inutiliter
859 1773 982 1842 legatum
1006 1780 1071 1835 est,

200 1859 255 1910 sibi
271 1874 327 1912 non
341 1868 513 1921 concurrunt,
536 1861 616 1910 matri
636 1876 701 1912 vero
720 1875 777 1914 non
796 1861 827 1912 in
844 1867 934 1912 totum
954 1874 1070 1913 coneur-

200 1952 283 2008 runt‚
310 1944 358 1998 sed
385 1946 455 1998 alter
480 1962 529 2014 pro
553 1945 665 1996 alterius
691 1947 822 2014 portione
844 1945 896 1996 ¹⁴⁹:
931 1953 960 1998 et
984 1947 1012 1998 in
1034 1959 1070 1996 eo

200 2031 343 2085 dumtaxat
365 2033 406 2084 ius
431 2030 608 2084 adcrescendi
628 2034 697 2097 erit3
721 2041 807 2086 mater
825 2038 919 2084 tomen
939 2031 1069 2088 adversus

100 2124 349 2314 95.ι).ἷιιῑι·ιιιιι(]ιιε
369 2120 411 2170 ius
431 2117 607 2172 adcrescendi
624 2117 716 2170 hebet
732 2123 740 2182 Ι

102 2239 177 2312 φὴ,
201 2203 222 2277 §
243 2207 285 2262 88.
324 2204 447 2258 lulianus
464 2204 566 2258 subicit
584 2205 697 2259 Sextum
716 2209 870 2278 quoquesso
888 2207 1071 2278 pomponium

511 2336 768 2354 m

199 2403 266 2456 ilem
286 2402 479 2456 ordinavimuu
574 2401 633 2471 147)
650 2401 744 2454 Malim
774 2399 912 2452 habebunt
930 2398 974 2451 vel
984 2397 1070 2472 fiunt.

200 2475 264 2542 rtss)
283 2473 311 2525 t.
329 2475 355 2529 8.
374 2474 419 2524 cit.
436 2478 501 2544 post
517 2471 602 2524 verbs
622 2487 705 2540 supra
721 2469 898 2538 transscripta
908 2470 946 2521 ito
965 2471 1071 2537 pergit:

199 2545 270 2597 Nam
289 2556 316 2596 et
332 2543 461 2597 lulianus
482 2542 530 2596 lib.
547 2543 638 2596 XXX·
655 2542 695 2594 Di
714 2577 720 2590 .
738 2542 790 2602 uit,
818 2538 888 2593 idem
908 2537 1003 2592 intelli
1021 2555 1071 2592 en·

200 2611 265 2667 dum
288 2613 320 2665 in
339 2629 388 2675 eo,
405 2615 457 2684 qui
473 2611 548 2666 solos
567 2611 669 2664 liberos
691 2560 803 2665 derectos
822 2610 985 2679 scripserit.-
1001 2556 1069 2660 iicet

202 2700 260 2735 non
276 2693 309 2734 ut
327 2683 482 2750 legatarios
506 2697 553 2736 eos
575 2680 779 2741 nominaverit,
798 2677 847 2732 sed
867 2689 898 2729 ut
915 2673 1071 2730 ostenderet

202 2753 424 2890 ttt‘tltlti‘
441 2764 560 2889 ”miii
575 2750 714 2872 indm·
742 2745 1070 2886 '‘:lililtzttlrlls

203 2903 469 2950 ...correurrunt‚
497 2839 582 2944 mdiri
602 2897 652 2941 etc.
695 2889 792 2942 Keller
810 2886 911 2936 voluit:
930 2924 935 2935 .
956 2923 962 2936 .
985 2924 991 2937 .
1016 2883 1067 2938 ad-

204 2957 364 3022 erescendi,
387 2953 521 3033 quonin'm
548 2977 565 3012 a
592 2971 673 3014 semet
699 2960 767 3079 ipsis
785 2956 925 3009 inratiliter
947 2953 1068 3025 legatum

204 3044 252 3086 est.
286 3034 375 3102 Atque
395 3033 493 3082 si...
514 3030 641 3099 tegetum,
675 3030 730 3079 sii
757 3029 803 3078 rel.
851 3025 918 3076 Cum
939 3031 1068 3077 neutrum

203 3101 335 3154 idoneum
352 3099 485 3170 praebeat
502 3116 629 3160 sensum,
647 3113 738 3166 noque
755 3094 829 3166 quod
840 3094 907 3146 mihi
919 3095 1068 3163 ipsirisum

204 3178 265 3224 erat
284 3169 429 3239 legendum
447 3184 506 3223 esse
553 3170 617 3220 nasi
640 3169 663 3220 si
688 3167 896 3238 legatarii...
917 3183 975 3218 non
1000 3177 1069 3216 esset

205 3242 248 3295 ius
267 3248 338 3298 eto..
362 3255 453 3310 neque
477 3187 553 3310 quod
571 3239 617 3308 Bg.
636 3238 703 3290 lecit
721 3235 893 3306 periculum,
917 3242 948 3285 ut
966 3232 1071 3302 legeret

292 3305 491 3371 adcrescendi,
518 3320 601 3380 atque
620 3344 627 3357 .
644 3346 650 3357 .
670 3345 675 3358 .
693 3307 824 3378 legetur:
860 3304 992 3376 quostiam
1009 3339 1040 3352 ..
1063 3341 1068 3352 .

205 3381 325 3450 legatum
343 3391 403 3433 est:
421 3379 475 3432 sibi
493 3397 551 3432 non
568 3377 616 3436 rel.
636 3392 691 3428 rens
710 3373 839 3443 expedint
849 3409 857 3434 ,
875 3374 929 3424 nisi
944 3389 1004 3424 eum
1026 3373 1068 3440 og.

206 3447 281 3502 dieas
298 3447 432 3500 excidisse
454 3445 577 3518 uliquid3
596 3448 701 3509 locum,
720 3460 801 3516 quem
814 3457 910 3496 sonore
928 3441 1071 3502 nescimus,

206 3519 339 3573 intactum
358 3517 571 3591 relinquendum
596 3531 656 3571 esse
683 3517 850 3588 putavimus.
945 3512 1004 3582 150)
1037 3511 1069 3562 v.
