2286 4140
441 421 634 480 PBAEFA'l'lO.
935 404 985 456 Vll

111 595 199 656 quae
213 571 401 647 cohaerent,
422 567 541 646 integra
552 557 711 621 habemns.
758 547 886 621 Octavi,
908 540 992 624 quod

110 707 220 768 Maius
241 701 396 765 nonsatis
415 696 530 758 idonea
550 691 666 764 ratione
685 681 881 766 quaternioni
893 677 992 738 xvrt.

115 837 301 920 assignavit,
328 829 472 916 quodque
505 843 576 887 oum
599 815 800 903 praecedente
826 809 863 870 ad
885 808 933 869 tit.
956 805 994 864 de

117 991 154 1032 re
163 969 283 1032 uxoria
295 961 450 1027 erdotibue
464 953 611 1042 pertinet,
627 951 704 1012 duae
714 955 816 1030 partes
822 951 997 1026 supersunt3

117 1100 233 1179 tertia,
256 1099 290 1158 in
310 1117 372 1181 qua
394 1094 514 1178 signum
524 1081 732 1173 quaternione
744 1079 835 1140 fuisse
848 1075 998 1156 suspicor,

123 1233 258 1296 abscissa
281 1238 340 1292 cst.
378 1223 478 1290 Plura
501 1229 622 1286 serrata
644 1223 717 1280 sunt
737 1233 772 1274 ex
794 1205 998 1300 quaternione

85 1373 86 1376 ’
125 1359 406 1437 xxvr1.(nt.de
428 1356 651 1426 excusatorie).
704 1343 904 1410 Desideratur
929 1347 998 1399 tan·

128 1508 197 1559 turn
219 1496 327 1558 folium
354 1494 489 1555 tertium.
538 1485 650 1566 Quarti
668 1479 732 1542 folii
752 1495 814 1538 non
835 1475 892 1536 nisi
912 1427 1002 1531 tertia

132 1649 206 1714 pars
230 1637 393 1712 superest,.
407 1624 480 1686 sexti
497 1639 570 1704 pars
589 1615 680 1680 tertia
701 1610 827 1675 interiit.
871 1607 1003 1684 Quater-

131 1762 186 1824 nio
206 1761 373 1826 xxvlllr.
398 1751 605 1847 (tit-'qnando
626 1747 758 1810 donam·
776 1741 829 1806 rel.
851 1751 881 1802 et
896 1738 933 1802 de
946 1733 1003 1796 cio-

137 1891 309 1956 nation'ibns
329 1889 399 1966 rel.)
421 1887 486 1948 sere
507 1888 624 1965 integer
644 1890 780 1944 servatus
807 1885 861 1937 est.
904 1868 1006 1932 Folio·

138 2045 210 2088 rum
232 2033 335 2084 tamen
357 2017 482 2080 secundi
503 2025 535 2078 et
549 2017 620 2077 sexti
639 2006 1004 2094 duaepartespericrunt.

140 2159 362 2239 Fragmentum
399 2151 530 2234 denique
561 2147 642 2210 tituli
672 2147 712 2208 de
746 2137 951 2225 cognitoribus
980 2146 1008 2195 et

136 2286 386 2373 procuratoribus
413 2285 452 2346 ad
477 2282 589 2345 calcem
617 2278 777 2342 collocavit
801 2273 918 2348 Maius,
938 2269 1010 2349 quia

145 2419 230 2484 nullo
253 2421 376 2483 numeri
397 2419 485 2502 signo
511 2426 597 2477 certo
619 2411 876 2494 loooassignatur.
918 2401 1012 2464 Eam-

146 2554 214 2616 dem
237 2552 279 2614 ob
304 2571 426 2614 causam
446 2548 548 2612 medio
566 2544 711 2610 fasciculo
739 2541 794 2604 has
821 2535 1014 2601 membranas

146 2683 303 2745 vindicare
333 2703 397 2743 non
424 2679 553 2756 dubito,
591 2683 634 2740 ita
665 2687 792 2750 tamen,
824 2681 860 2731 ut
880 2667 942 2729 duo
963 2670 1016 2723 aut

151 2825 298 2898 quattuor
320 2815 394 2876 folia
418 2816 497 2875 inter
519 2833 569 2875 eas
593 2810 737 2873 excidisse
756 2818 871 2892 putem.

231 2949 400 3031 Antiquior
420 2943 589 3028 scriptura,
607 2943 745 3028 quamvis
760 2938 865 3002 abluta
878 2931 1015 2995 version·

152 3083 246 3166 lisque
258 3081 436 3145 recentioris
457 3081 628 3161 scripturae
643 3067 882 3160 superimpositis
896 3077 1016 3141 cooper·

152 3227 204 3293 ta,
227 3214 403 3276 omniafere
419 3211 476 3296 legi
498 3213 606 3294 potuit.
627 3207 775 3292 Singulae
797 3204 926 3288 paginae
946 3213 1018 3256 ver·

153 3369 199 3408 sus
218 3339 345 3442 triginta
360 3345 435 3406 duos
447 3365 559 3426 eosque
569 3343 750 3426 praelongos
760 3337 1018 3424 complectuntur.

155 3481 288 3541 Litteras
302 3499 419 3554 versus,
434 3497 508 3558 quos
522 3485 594 3558 post
607 3476 755 3538 editorem
763 3475 935 3536 Romanum
949 3490 1018 3555 spe·
