2312 4126
214 393 251 452 10
499 388 546 446 DE
564 385 783 442 USUFRUCTU.

212 543 264 584 uec
284 528 454 581 ususfructus
474 531 531 592 est,
549 531 578 580 et
596 522 731 596 pecuniae
753 519 907 576 dominium
927 521 1076 589 fructuarii,

212 631 269 669 non
286 612 396 668 heredis
415 619 463 666 cst.

211 706 235 772 p.
257 704 300 772 ip.
342 702 419 754 Item.
447 699 498 753 Per
526 697 761 768 mancipationem
792 694 891 750 deduci
914 697 1079 750 ususfructus

210 797 312 860 potest,
331 802 388 840 non
406 787 490 841 etiam
507 785 658 839 transferri.
694 783 745 839 Per
762 783 799 836 do
829 784 891 853 tego
911 784 1031 854 legatum
1054 790 1079 836 ct

210 893 260 948 per
278 875 307 929 in
326 877 386 930 iure
404 873 555 928 cessionem
579 880 608 925 et
625 872 726 927 deduci
745 879 774 927 et
802 870 861 924 dari
878 877 978 942 potest.
999 867 1078 924 ¹ltern

208 970 303 1040 potest
320 962 452 1015 constitui
471 967 499 1014 et
508 961 650 1032 familiae·
663 957 870 1014 erciscundae¹²
886 961 930 1012 vei
946 959 1079 1012 communi
1125 1019 1126 1026 ἵ

210 1049 364 1104 dividundo
389 1049 494 1103 iudicio
520 1047 654 1116 legitimo.
700 1049 731 1099 in
757 1061 788 1098 re
814 1063 867 1100 nec
888 1047 1011 1118 mancipi
1035 1062 1079 1115 per

208 1137 387 1190 traditionem
406 1135 506 1188 deduci
522 1133 691 1186 ususfructus
714 1118 769 1186 non
787 1140 894 1203 potest3
912 1151 964 1186 uec
982 1135 1012 1185 in
1033 1134 1078 1186 ho·

207 1225 292 1287 mine,
311 1222 334 1274 si
353 1223 498 1292 peregrino
515 1221 657 1274 tradatur:
683 1220 759 1274 civili
785 1222 860 1273 enim
886 1221 997 1273 actione
1017 1237 1079 1273 con-

208 1311 288 1364 stitui
307 1316 408 1382 potest,
427 1325 484 1362 non
503 1307 664 1370 traditione,
684 1323 756 1378 quae
778 1308 845 1360 iuris
865 1307 987 1376 gentium
1008 1315 1058 1364 cst.

207 1397 228 1468 ς.
248 1400 290 1468 48.
329 1399 415 1454 lsem..
428 1395 470 1448 Ad
490 1403 595 1448 certum
614 1403 723 1466 tempus
745 1403 774 1447 ct
791 1395 821 1448 in
839 1397 899 1448 iure
916 1394 976 1446 cedi
997 1404 1026 1448 et
1039 1397 1077 1447 le·

206 1488 263 1554 gari
284 1493 312 1539 ct
330 1484 427 1537 officio
438 1483 538 1536 iudicis
560 1485 691 1536 constitui
709 1489 810 1552 potest.

205 1570 227 1642 §.
246 1571 288 1642 49.
324 1573 401 1624 Item.
422 1571 462 1624 Ex
479 1579 553 1624 certo
574 1579 698 1641 tempore
713 1571 798 1639 legari
819 1577 911 1641 potest
921 1570 953 1626 ¹⁸.
990 1571 1033 1622 dn
1052 1572 1078 1622 in

205 1661 266 1712 iure
284 1657 354 1722 cedi,
370 1659 413 1711 vel
434 1673 469 1708 an
487 1657 640 1710 adiudicari
661 1659 756 1727 possit,
773 1658 903 1716 variatur.
939 1656 1079 1710 videamus

203 1761 239 1800 ne
250 1762 306 1798 non
317 1747 420 1816 possin
435 1747 500 1816 quis
510 1745 586 1799 auiis
598 1745 747 1813 legissetis
760 1743 921 1814 prodituros
932 1743 1076 1798 defuturo

204 1835 226 1904 §.
249 1836 290 1888 50.
330 1835 408 1886 item.
431 1834 463 1884 In
480 1834 685 1902 mancipatione
711 1831 755 1884 rei
774 1833 803 1884 in
822 1833 881 1885 iure
899 1833 1026 1884 cessione
1045 1849 1078 1886 au

204 1921 303 1975 deduci
322 1921 410 1990 possit
429 1919 472 1974 vel
492 1936 524 1972 en
544 1927 681 1989 ternpore,
707 1920 752 1973 vei
770 1920 806 1972 sd
827 1927 951 1990 tempus,
983 1921 1029 1974 vel
1048 1938 1078 1974 ca

203 2009 380 2074 condicione,
405 2008 450 2060 vel
467 2008 503 2059 aci
523 2007 871 2074 condicionem,dubium
890 2015 946 2060 est:
976 2025 1073 2080 quem·

102 2099 178 2161 spa.
204 2095 349 2150 admodum
375 2095 399 2147 si
415 2097 437 2132 ¹⁹
465 2096 505 2156 is,
536 2097 580 2147 cui
614 2096 644 2146 in
666 2097 727 2147 iure
754 2094 983 2163 ceditur,idicit
1010 2097 1074 2157 „aio

103 2165 179 2225 3⁸³·
205 2182 298 2247 „huuc
323 2181 438 2234 fundum
459 2198 548 2233 meum
569 2198 626 2234 esse
654 2180 772 2234 deducto
798 2183 941 2234 usufructu
967 2199 1002 2234 en
1019 2182 1074 2234 issi.

201 2270 312 2336 „ian.’',
335 2268 379 2320 vel
398 2269 537 2332 „deducto
550 2269 691 2322 usufructu
709 2269 841 2340 usquead
851 2267 905 2328 lsai,
927 2269 982 2320 Ian.
999 2267 1076 2321 dcci-

198 2356 310 2422 ‚,snas’';
330 2355 374 2408 vel
397 2356 461 2418 „aio
472 2354 548 2410 huuc
559 2355 673 2408 fundum
692 2371 782 2406 meum
803 2370 861 2406 esse
876 2353 995 2409 deducto
1009 2373 1076 2410 usu·

199 2443 326 2507 „si·uctu,
345 2443 368 2494 si
387 2446 465 2496 navis
487 2459 520 2494 en
540 2443 602 2494 Asia
621 2444 766 2495 venerit''=
795 2443 861 2498 item
883 2444 912 2495 in
931 2444 1076 2513 suuncipa·

197 2531 275 2582 tione
308 2539 441 2599 „emptus
480 2527 548 2580 mihi
580 2537 622 2580 est
642 2531 749 2600 pretio,
779 2529 897 2583 deducto
927 2531 1074 2584 usufructu

128 2635 132 2638 ·
197 2631 252 2681 „ex
272 2615 328 2688 Καὶ,
347 2616 404 2668 iilis
423 2631 509 2688 usque
530 2616 564 2668 ad
581 2615 637 2670 irai.
657 2617 762 2670 ilias'':
787 2625 815 2669 ct
841 2617 935 2669 eadem
958 2612 1073 2670 suntin

199 2701 370 2756 condicione.
407 2703 573 2774 Pomponius
595 2705 679 2772 igitur
697 2709 777 2773 putat
795 2721 851 2756 uon
868 2719 949 2773 posse
967 2701 1069 2756 adcer.

197 2799 256 2843 turn
275 2797 383 2860 ternpus
404 2789 519 2852 deduci,
538 2806 589 2841 uec
609 2807 659 2860 pcc
687 2793 715 2842 in
740 2791 801 2842 iure
825 2791 992 2854 cessionem,
1019 2807 1073 2844 ncc

194 2894 245 2947 per
263 2880 504 2947 mancipationem,
522 2877 569 2930 sed
587 2885 693 2928 tantum
713 2877 853 2930 transferri
873 2878 962 2946 ipsum
980 2895 1071 2948 posse.

195 2981 245 3034 ego
265 2961 350 3017 didici
370 2972 398 3018 et
416 2963 515 3016 deduci
534 2964 569 3016 ad
589 2974 695 3034 tempus
713 2981 806 3034 posse;
833 2965 898 3035 quia
918 2973 945 3018 et
965 2968 1070 3019 inanei-

194 3052 336 3118 pationem
355 3059 383 3104 et
404 3053 432 3104 in
451 3051 511 3104 iure
530 3053 680 3105 cessionem
702 3051 746 3105 lex
770 3053 818 3104 xli
837 3051 1070 3106 tabularumcon·

194 3137 342 3194 firmant²⁰.
378 3138 520 3210 Numquid
538 3157 600 3210 ergo
620 3147 648 3190 et
668 3155 701 3191 ex
719 3126 842 3210 ternpore
861 3146 889 3191 et
903 3138 1070 3192 condicione

491 3237 759 3254 m

193 3282 262 3353 quid
283 3281 462 3336 desideratur.
537 3287 580 3358 ¹7)
616 3287 646 3338 V.
662 3285 771 3352 feretum
794 3301 840 3342 est.
922 3291 1017 3364 rs)v‚
1039 3303 1069 3346 ct

191 3354 259 3406 Mai.
276 3356 380 3422 possis,
402 3355 478 3426 quod
505 3354 604 3410 falsum
623 3371 681 3408 csse
710 3365 738 3408 et
755 3359 928 3426 grammatica
948 3365 1018 3416 ratio
1039 3374 1070 3418 et

191 3423 368 3488 prudentium
392 3425 425 3476 de
454 3426 595 3480 usufructu
621 3445 653 3479 err
685 3435 758 3480 certo
792 3439 915 3502 tempore
945 3434 1066 3502 legando

191 3509 338 3546 cousensus
377 3495 464 3548 docet.
575 3503 617 3568 ¹9)
653 3499 681 3551 V.
704 3501 767 3552 nisi.
874 3505 919 3572 oo)
959 3505 1001 3554 iia
1032 3505 1066 3558 V.
