2286 4140
401 423 592 480 numiano.
900 435 936 488 lx

56 566 172 619 tamen
204 569 249 622 est
269 560 423 624 Blumium
442 575 567 646 propter
595 565 720 628 nimium
738 567 864 656 aditoria
893 573 936 633 se-

56 691 260 754 stinationem
289 695 319 758 in
361 692 476 758 librum
504 698 575 779 plus
606 701 750 779 temporis
783 704 936 764 insumere

54 823 272 906 nequivisse⁴3
284 827 421 911 alioquin
436 829 486 890 hic
497 831 545 892 vir
553 831 741 892 retractandi
751 832 863 896 codicia
879 855 935 896 ne·

45 958 232 1020 'cessitatem
255 973 336 1023 certe
356 961 475 1024 nullam
497 961 676 1046 reliquisset.
717 965 838 1028 Prodiit
857 987 934 1050 opus

57 1109 136 1148 cum
164 1088 231 1152 aliie
264 1093 455 1174 antiquitatis
489 1097 719 1158 monumentis⁵
738 1097 795 1160 cub
821 1095 933 1160 titulo:

55 1219 148 1280 Iuris
168 1221 271 1284 civilia
294 1224 541 1288 anniustinztmei
559 1227 710 1311 reliquiae
728 1229 862 1294 ineditae
891 1251 934 1294 en·

54 1350 165 1412 codice
185 1357 328 1440 rescripto
346 1357 541 1420 bibliothecae
556 1355 736 1444 pontificiae
752 1357 789 1422 V
784 1359 934 1424 uticam

57 1497 186 1550 meante
220 1487 342 1570 Angelo
374 1489 489 1571 Maio,
519 1489 592 1552 bibl.
625 1490 723 1554 eimd.
759 1495 931 1574 praesecto.

57 1623 196 1702 Romae,
220 1617 355 1696 1823.⁶‚
380 1621 411 1684 in
433 1639 495 1705 qua
509 1622 644 1686 editione
663 1622 697 1686 id
710 1623 934 1706 quammaxime

56 1775 92 1816 ee
121 1755 215 1842 egisse
248 1753 402 1830 declarat,
431 1766 466 1816 ut
497 1755 659 1838 imaginem
680 1754 775 1818 veluti
799 1757 933 1817 restituti

58 1883 174 1946 codicia
195 1885 364 1950 exhiberet.
405 1859 540 1946 Multum
560 1905 635 1948 vero
654 1886 758 1961 abeat,
781 1883 857 1967 quin
872 1883 931 1946 hac

56 2019 89 2077 in
118 2038 153 2080 re
185 2036 252 2078 eam
290 2014 479 2098 praestiterit
498 2014 709 2101 diligentiam,
732 2035 825 2100 quam
849 2017 931 2080 Goe-

359 2205 627 2221 m

93 2326 125 2396 ti)
147 2322 188 2378 Cf.
205 2321 307 2377 Blumii
324 2325 378 2380 iter
396 2323 529 2381 Italicum
540 2367 552 2391 ,
571 2325 623 2381 llt.
643 2342 669 2396 p.
687 2327 730 2396 96.
748 2331 807 2380 not.
831 2327 888 2382 163.

95 2429 122 2500 5)
140 2428 221 2481 Libri
240 2428 338 2482 titulun
356 2434 411 2486 ert:
425 2427 503 2484 Iuris
522 2431 614 2485 civilis
627 2441 655 2483 et
667 2427 821 2494 Symmachi
837 2429 929 2482 croti·

59 2533 142 2570 onum
157 2527 262 2586 portet.
301 2515 330 2568 0.
350 2515 419 2569 iulii
438 2517 624 2570 Victorinum
643 2515 792 2569 rhetorico.
811 2515 840 2567 L.
858 2515 929 2569 Coe·

60 2602 124 2656 ciiii
147 2601 308 2656 Minutiani
336 2599 449 2671 Apuleii
463 2601 631 2674 fragmento
659 2600 693 2655 de
719 2597 927 2671 orthographia.

60 2703 120 2740 cum
139 2685 255 2758 append.
277 2699 304 2741 et
321 2685 373 2740 tab.
397 2687 499 2740 aeneia.

95 2790 125 2860 6)
141 2789 174 2840 in
182 2787 383 2840 Commentario
402 2789 514 2858 praevio
532 2795 611 2858 purte
632 2785 929 2859 1.(p.v1111.-xxtu)

60 2875 95 2929 de
115 2875 183 2928 iuria
201 2874 291 2928 civilia
309 2873 465 2944 fragmentis
478 2873 595 2926 diruerit
631 2871 739 2926 Tubulo
756 2875 814 2926 aeri
833 2874 929 2938 inciae,

60 2979 139 3033 quam
158 2963 247 3032 repeti
268 2964 437 3024 munimen,
459 2961 577 3030 dupiicia
596 2961 928 3029 scripturrepulimpaerti

58 3061 86 3106 et
114 3050 322 3120 praecipuarum
350 3047 479 3118 eiglnrum
507 3048 647 3116 specimen
673 3045 795 3098 exhibet.
852 3045 928 3120 Coq-

56 3144 165 3190 textum
186 3134 329 3203 excipiunt
346 3136 389 3202 (p.
399 3132 457 3200 9³⁶)
484 3132 575 3184 variae
594 3131 729 3184 lectiones
749 3131 815 3184 Cod.
834 3129 927 3183 Theo·

58 3223 183 3286 deciani,
208 3222 246 3289 (p.
271 3221 343 3287 roi.)
367 3218 548 3288 fragmentum
566 3219 634 3285 legia
653 3219 787 3272 Romanae
805 3218 927 3286 Burgun-

58 3311 187 3372 dionum,
213 3313 242 3360 et
267 3305 307 3376 (p-
328 3306 400 3375 roi.)
426 3303 572 3360 nummaria
590 3303 726 3376 quaedam
747 3303 815 3358 Cod.
834 3303 927 3356 Theo·

60 3395 161 3450 duuiani
190 3394 205 3446 ὲ
231 3400 373 3462 pervetere
404 3391 508 3446 codice.
551 3389 712 3463 Sequuntur
737 3391 857 3452 iudicer,
883 3399 924 3456 tp.

61 3483 126 3552 ιη.)
152 3477 340 3550 additamenta
359 3485 387 3530 et
404 3477 620 3533 emendationes.
