2312 4126
163 371 203 432 8&
247 373 250 378 ’
466 371 514 424 nt:
533 371 576 424 RE
595 368 732 427 Uxo'utt

166 509 236 566 datis
260 509 387 565 maritum
406 511 528 582 culpam,
549 530 608 566 non
624 515 705 567 etiam
720 508 877 584 periculum
897 515 1044 580 praestare
1078 520 1084 545 ¹

165 599 276 656 dehere.

128 700 131 705 ’
166 687 276 760 5101.
311 685 345 741 L..
363 685 453 736 Titius
472 702 533 737 eum
554 694 626 739 esset
643 688 672 738 in
693 687 778 756 patris
797 689 959 756 potestate,
991 680 1044 733 ab·

166 779 245 826 sente
264 788 296 824 eo
319 769 445 824 duritia
464 775 670 826 matrimonium
691 775 842 842 Septiciam
866 769 1045 822 filiumfami-

167 861 236 921 iias,
255 859 333 909 cuius
352 859 469 910 nomine·
485 858 579 912 dotem
595 862 702 930 aceepit
723 875 739 910 a
758 867 851 928 patre3
877 865 979 926 postea
998 873 1047 908 su·

164 943 294 1016 pervenit
310 953 401 1012 pater.
422 961 476 1014 quo
496 956 641 1014 praesente
660 949 771 999 duravit
782 947 803 979 ¹³
821 946 851 996 in
873 943 948 996 diem
971 960 1048 996 mot·

166 1034 203 1085 tis
221 1031 275 1081 filii
286 1031 306 1066 ¹⁴
324 1032 544 1098 matrimonium
564 1034 739 1102 postmodum
754 1031 914 1086 decessitL.
930 1029 1046 1084 Titius:

168 1134 274 1189 quaero
291 1135 327 1170 arr
344 1134 378 1168 en
397 1135 443 1180 eo,
472 1119 547 1188 quod
567 1139 623 1172 non
642 1121 809 1174 contradixit
832 1125 929 1188 pater,
957 1118 1047 1168 etiam

170 1203 242 1258 dotis
261 1202 371 1256 dationi
390 1193 560 1257 consensisse
581 1206 726 1269 videatur,
747 1214 775 1259 et
797 1204 861 1258 ideo
879 1205 996 1258 actione
1006 1206 1050 1256 rei

167 1291 285 1344 uxoriae·
309 1289 361 1342 fitit
389 1293 502 1344 nomine
530 1293 678 1344 teneatur?
709 1293 735 1343 P.
764 1290 907 1362 respondit
935 1299 1047 1360 patrem

169 1379 252 1431 etiam
280 1386 379 1447 postea
401 1379 506 1446 nuptiis
532 1382 751 1431 consentientem
781 1388 812 1432 et
834 1379 1047 1429 matrimonium

169 1465 222 1517 iiiii
239 1467 282 1516 sui
300 1470 329 1516 et
348 1464 443 1516 dotem
460 1463 564 1518 efficere
577 1483 588 1534 ς’
619 1474 648 1517 et
668 1465 733 1521 ideo
751 1482 784 1535 ex
807 1482 924 1534 persona
954 1465 1008 1516 filii
1023 1467 1044 1500 ¹⁵

170 1552 210 1603 rei
229 1551 341 1604 uxoriae
360 1551 468 1604 iudicio
491 1552 595 1620 vulgari
626 1553 769 1608 conveniri
796 1568 895 1622 posse3
930 1553 961 1603 in
989 1567 1048 1622 qua·

170 1639 279 1690 actione
297 1639 388 1706 peculi
409 1641 550 1707 quantitas
570 1639 723 1693 deducitur.
760 1639 867 1690 Tamen
884 1639 914 1690 in
941 1655 1046 1708 propo-

171 1723 223 1776 sito
249 1724 343 1775 tutius*
360 1725 415 1776 fuit
435 1725 600 1794 respondere
621 1745 653 1778 ex
671 1743 791 1794 persona·
807 1726 859 1776 iiiii
886 1742 950 1777 eum
975 1741 1044 1776 con-

97 1871 109 1878 ,
170 1811 262 1864 veniri*
289 1825 385 1878 posse,
404 1814 452 1884 qui
472 1813 545 1864 sotus
559 1821 752 1878 contraxeram
777 1813 830 1865 etei
847 1812 915 1864 alias
935 1811 1047 1879 placeat

92 1911 116 1934 ··
148 1905 302 1966 patrem,
332 1915 386 1969 quo
417 1902 606 1952 consentiente
627 1900 698 1952 iilius
715 1899 828 1970 {dotem
853 1900 975 1969 accepit,
1004 1895 1049 1950 rei·

134 2009 136 2016 r
174 1985 286 2038 uxoriae
306 1983 411 2062 iudicio
430 1987 536 2054 vulgari
558 1987 702 2041 conveniri
718 2002 807 2056 posse.

177 2070 199 2142 5.
222 2073 277 2124 1113.
309 2060 340 2122 Ἰ).
363 2073 506 2140 respondit
523 2075 563 2123 rei
585 2075 696 2142 isanriae
723 2070 812 2126 titulo·
831 2071 860 2121 id
879 2071 966 2124 solum
986 2072 1044 2138 peti

174 2173 263 2227 posse,
281 2157 359 2227 qnod·
378 2161 406 2210 in
426 2159 517 2211 dotem
536 2159 630 2213 datum
649 2169 697 2214 est
718 2161 757 2212 tx
777 2159 927 2211 donatione
952 2166 1048 2210 autem-

174 2259 232 2296 non
248 2251 340 2313 potest
357 2246 416 2313 peti
435 2245 481 2310 id,
500 2247 575 2316 quod
594 2255 658 2300 ante
677 2247 882 2300 matrimonium
903 2247 933 2295 in
952 2244 1043 2312 stipu-

174 2331 261 2382 latum
279 2329 431 2384 deductum
444 2341 570 2396 nonest,
589 2335 663 2389 salvo
680 2351 732 2400 eo,
751 2343 784 2386 ut
794 2340 941 2406 quaeratur
952 2341 1047 2385 utrum·

115 2478 121 2488 ,
176 2418 298 2486 perfecta
315 2406 521 2482 fuit'donatim
542 2437 576 2470 an
594 2437 658 2472 nou.

177 2503 197 2574 5.
219 2505 276 2572 ιο),
313 2503 342 2562 P'.
362 2505 504 2574 respondit
518 2505 870 2574 dignitatem'mulierum1⁶
891 2521 925 2557 ex
939 2503 1042 2560 honore

176 2591 347 2642 matrimonii
363 2597 392 2642 et
411 2593 504 2662 augeri
523 2599 553 2644 et
569 2593 657 2644 minui
675 2593 772 2646 solere.
996 2585 999 2592 ¹

177 2675 198 2748 §.
222 2673 278 2730 r'o5.
315 2677 342 2734 P.
364 2679 507 2746 respondit
535 2677 655 2732 rebus¹⁷
681 2681 712 2732 in
736 2661 828 2731 dotem
848 2679 918 2732 datis
937 2685 965 2729 et
984 2695 1041 2730 ma·

176 2770 260 2815 nente
287 2765 467 2816 matrimonio·
492 2766 593 2818 evictis
618 2766 682 2820 viro·
707 2765 835 2820 adversus
870 2781 981 2816 uxorem
1007 2781 1041 2815 ax

179 2857 274 2917 empto·
289 2858 435 2922 conpetere
462 2854 611 2918 actionem3
639 2861 667 2905 et
695 2855 756 2905 ideo
784 2853 843 2904 eius
868 2853 1038 2921 quantitatis,

178 2939 289 3004 quaein
299 2939 518 2990 aestimationem
528 2939 644 2991 deducto
657 2946 712 3002 est,
728 2945 817 2990 sextas
828 2937 942 2991 retineri
951 2953 1035 3008 posse.

177 3137 271 3202 tuetur
289 3129 389 3184 Buci'rh.
432 3131 472 3202 13)
490 3133 534 3182 tta
552 3132 610 3181 Snv.
632 3139 659 3185 et
671 3129 744 3188 Kett,
758 3161 790 3173 -
802 3132 834 3188 V.
847 3125 963 3184 dietavit.
976 3128 1040 3180 Mat.

176 3200 294 3254 dotavit.
335 3201 416 3271 14)111
427 3203 457 3254 V.
469 3209 538 3253 teste
553 3202 627 3254 Maio
640 3203 763 3272 vonfilii
775 3204 834 3254 ioco
848 3201 955 3253 deletae
967 3201 1034 3250 vocis

175 3284 256 3341 pater
275 3273 363 3338 posita
383 3287 440 3322 esse
458 3271 575 3324 videtur.
686 3273 727 3344 15)
764 3273 823 3327 siv,
838 3287 917 3340 prop.
936 3283 961 3325 et
977 3267 1039 3322 idco*

176 3354 203 3396 st
222 3360 244 3394 r.
263 3358 290 3392 ac.
312 3333 370 3391 iud!
387 3343 464 3410 vralg.
486 3343 635 3396 conveniri
651 3360 746 3405 posse.
767 3355 794 3395 et
812 3359 845 3394 ex
861 3358 978 3411 persono
991 3339 1032 3460 ξ·

175 3412 230 3474 tii,
256 3412 286 3462 in
305 3427 361 3482 qun
386 3425 438 3464 act.
487 3411 564 3479 Quid
582 3412 606 3462 si
626 3412 698 3478 filii,
720 3413 799 3465 reive
827 3410 965 3478 legamus?
1010 3425 1031 3478 g.

180 3483 220 3551 16)
240 3479 281 3534 tm
300 3481 373 3533 Bien.
394 3491 422 3533 ct
440 3479 549 3552 Klenz.;
568 3481 599 3534 V.
619 3483 776 3535 multorum.
870 3481 912 3553 17)
928 3479 1024 3554 Supple
