2312 4126
422 435 618 496 ruAErtrto.
924 443 961 496 11

88 594 133 635 nu
142 583 264 635 auctum
275 583 307 636 et
320 577 566 654 „commentario
578 587 643 638 tum
654 577 762 640 critico
776 585 843 640 turn
857 600 961 664 exege-

91 704 169 769 tico’'
180 707 364 766 instructum
373 705 495 774 edidit9.
540 706 961 790 ltadefloratequasilabore

87 835 254 897 Klenzium
268 835 369 898 adhuc
380 837 505 899 editioni
520 858 552 900 se
570 837 753 902 subtraxisse
764 840 893 902 multum
904 839 961 902 do·

87 965 214 1029 lendum
238 977 295 1028 est.

173 1099 255 1160 Cum
276 1117 331 1158 nos
356 1095 520 1159 editionem
538 1119 807 1181 praepararemus,
831 1113 902 1174 unte
928 1123 962 1164 ο·

88 1230 174 1296 mnia
198 1229 394 1315 sperabamus
409 1227 480 1293 fore
489 1275 500 1310 ,
520 1239 557 1292 ut
581 1229 676 1314 ipsius
689 1229 805 1294 codicis
819 1230 963 1296 Vaticani

90 1361 194 1430 denuo
211 1361 392 1446 inspiciendi
409 1363 685 1448 atquecenferendi
700 1360 788 1448 eopia
806 1363 896 1427 uobis
907 1363 962 1427 fie-
996 1429 1002 1434 „

89 1505 139 1558 ret
150 1515 160 1577 3
181 1493 214 1557 id
227 1492 309 1577 quod
317 1491 440 1555 fortuna
449 1493 538 1556 nobis
550 1494 673 1563 invidit.
693 1494 856 1558 Utendum
868 1497 963 1580 igitur

92 1638 158 1693 erat
181 1627 218 1690 iis
237 1625 397 1707 subsidiis,
417 1647 496 1710 quae
507 1610 697 1713 Mainsipse,
718 1649 858 1713 quaeque
872 1637 965 1692 notae

92 1779 189 1822 manu
210 1760 346 1841 scriptae
366 1761 504 1823 virorum
524 1759 707 1839 doctorum,
730 1782 749 1822 a
769 1760 899 1823 Klenzio
928 1758 967 1821 li-

92 1884 240 1948 beraliter
264 1888 425 1982 nobiscum
454 1894 713 1968 communicatae,
741 1894 967 1973 praestiterunt.

94 2016 223 2081 Nomina
251 2039 357 2088 eorum
378 2034 470 2086 sunt:
508 2021 688 2086 Barkowius
697 2023 745 2102 ¹⁰,
774 2021 912 2086 Blumius
926 2025 964 2100 ¹¹,

138 2393 170 2460 9)
190 2389 327 2444 Iudicium
358 2388 393 2442 de
420 2389 473 2443 hac
500 2389 624 2442 editione
649 2388 732 2444 buius
757 2391 812 2445 loci
835 2407 892 2445 non
920 2398 971 2451 est.

97 2474 219 2530 Silentia
236 2484 328 2529 tamen
355 2471 507 2548 praeterire
533 2493 589 2528 nen
613 2493 740 2548 possum,
765 2478 970 2531 emendationes

99 2567 160 2615 tum
185 2565 335 2618 eserieie
365 2579 473 2615 mecum
494 2565 709 2616 communicatas
734 2571 792 2616 tum
815 2579 971 2634 amcpro·

95 2651 222 2722 positas,
238 2667 305 2723 quas
326 2666 360 2702 ex
378 2649 479 2704 scholis
496 2651 565 2702 meis
586 2665 616 2701 se
626 2650 765 2719 accepisse
776 2649 971 2703 Bnchholtzius

101 2735 236 2801 declaret,
266 2753 363 2806 parum
390 2742 516 2789 accurate
545 2751 607 2788 cum
634 2735 796 2793 reddidisse.
846 2735 972 2804 Exempli

99 2839 182 2876 causa
199 2823 326 2878 videatur
354 2822 375 2896 §.
393 2822 436 2892 lt.
458 2821 507 2876 ubi
535 2823 610 2895 perit
639 2823 765 2892 scripsit,
795 2821 870 2894 quod
890 2836 971 2875 sensu

100 2916 190 2975 earet,
211 2927 260 2982 pro
282 2928 339 2966 nen
358 2911 441 2981 perit.

140 3031 184 3098 to)
201 3028 474 3081 Animadversionem
494 3029 642 3081 nonnullas
658 3025 765 3096 publici
783 3024 851 3076 iuris
870 3023 974 3077 lecitin

101 3115 266 3172 Lectionum
291 3115 364 3168 sitris
382 3115 475 3166 civilis
502 3115 604 3184 cap‚'I.
628 3111 705 3187 quod
729 3109 860 3184 praeside
887 3113 917 3163 A.
943 3111 975 3165 l.

101 3201 222 3258 Barkcw
238 3199 293 3271 defi
312 3205 344 3260 Α.
363 3199 397 3255 de
416 3198 560 3274 Russdors.
579 3197 788 3271 Gryphiswald.
812 3199 887 3256 1828.
906 3196 932 3264 d.

141 3327 187 3382 ιι)
205 3317 245 3370 Ex
261 3319 334 3372 notis
348 3321 406 3372 eius
423 3318 635 3390 manuscriptis,
654 3317 756 3388 quibus
767 3319 807 3370 uti
819 3317 908 3382 licuit,
923 3293 977 3368 ali·

30 3441 37 3454 .
102 3420 134 3457 sc
153 3403 262 3458 codicis
281 3406 444 3475 scripturam
463 3407 615 3458 accuratius
636 3420 717 3475 quam
737 3404 805 3456 lllaii
823 3401 977 3471 exemplum

104 3490 255 3558 exhibent,
273 3491 345 3544 alise
364 3491 538 3548 restitutioni
557 3498 700 3548 contentus
717 3490 878 3548 inserviunt·
