2286 4140
400 389 447 444 ΕΤ
467 389 641 448 vernile.
943 387 961 447 7

78 564 85 576 ·
127 562 515 582 ··········
550 529 648 586 ordine
672 529 808 584 audietur.
843 525 888 581 PP.
905 525 961 580 lai.

76 697 98 770 ς.
122 702 165 754 ³0.
209 737 513 754 ........
534 705 625 776 porita
643 702 673 756 in
690 691 863 773 portereinne
882 699 961 753 iuirti

74 823 514 842 ...........
575 791 679 844 eiectnr
699 791 848 852 invenirit,
865 790 889 840 ie
907 790 962 840 erit

76 909 427 926 .........
461 893 512 933 ιο.
534 892 585 946 pro
602 892 653 929 ana
673 878 813 947 aequitate
831 873 866 927 ad
878 877 960 927 effec-

29 997 37 1008 ,
73 971 138 1012 rum
166 995 428 1013 .......
463 963 613 1018 Aureliano
632 963 755 1016 etBaero
773 975 860 1016 coner.
878 957 963 1030 (ηε.)

75 1036 98 1108 §.
118 1047 162 1098 31.
210 1085 216 1096 .
253 1085 258 1096 .
295 1087 301 1097 .
339 1085 344 1098 .
379 1035 548 1104 .enriarime
566 1049 655 1102 noble.
690 1049 780 1102 'lenae
798 1055 828 1101 tu
847 1045 962 1119 quidem

75 1147 81 1158 '
121 1169 469 1187 ·········
506 1135 704 1191 iucundireime
726 1143 755 1188 ct
771 1136 834 1186 liter
853 1131 961 1184 dirimie

77 1221 83 1230 ’
569 1239 616 1275 nm
633 1223 743 1276 etatntir
761 1221 817 1276 tuin
834 1235 891 1272 non
909 1235 960 1270 cn·

83 1329 89 1338 ·
128 1342 144 1360 ·4
172 1340 602 1360 ...........
631 1310 800 1378 eluciplent
818 1305 959 1359 discedere

83 1462 89 1474 Ι
127 1425 601 1449 ............
626 1413 736 1450 vernum
755 1399 882 1448 eventum
900 1407 960 1444 eae·

89 1513 520 1534 ···········
574 1483 736 1552 litigabatur
755 1478 882 1534 incidunt
896 1493 960 1548 par·

83 1603 88 1613 ·
126 1601 131 1614 ·
169 1603 175 1616 .
211 1602 218 1614 ·
248 1643 252 1648 Ι
254 1603 430 1618 .....
465 1585 484 1620 u
502 1576 532 1622 et
549 1569 806 1642 inerpretationem
825 1563 959 1618 divertam

414 1661 457 1706 cat
473 1671 528 1708 non
548 1657 643 1708 censui
661 1647 741 1728 quari
761 1655 872 1710 veroin
891 1651 945 1722 cai

405 1739 501 1814 [Plura
518 1741 635 1816 derunt]
838 1739 884 1792 vl.

84 1823 139 1896 .§.
157 1827 239 1883 er...
259 1827 352 1880 aditur
370 1837 520 1898 conpetere
545 1830 629 1882 index
653 1827 829 1882 considerato
853 1826 958 1878 tutelae
977 1827 1017 1884 58.
1029 1826 1054 1878 br

85 1911 192 1964 iudicio
215 1927 275 1964 eam
292 1915 398 1967 curabit
422 1916 496 1970 serre
516 1919 700 1979 cententiam,
729 1929 812 1985 quam
838 1913 959 1980 agnitam

83 1997 196 2069 legibue
220 2015 281 2052 eene
303 2002 465 2072 providerit.
500 2003 547 2056 Pr.
570 2003 630 2062 1111,
649 2000 704 2054 kal
725 2000 802 2070 Sept.
822 1998 958 2051 Constan-

80 2083 146 2138 'tlno
165 2095 194 2139 et
211 2087 319 2142 Licinio
335 2091 418 2161 legg.
437 2091 470 2146 li.
490 2106 578 2149 coner.
599 2091 682 2163 (dra.)

87 2169 171 2244 533.
206 2175 289 2244 Augg.
309 2183 338 2227 et
355 2178 444 2230 Caere.
465 2179 586 2230 Rutiliae
601 2178 716 2230 Primae.
736 2176 872 2246 lugennor
889 2188 956 2244 pro-

85 2260 194 2330 genitor
218 2264 358 2317 remittatis
383 2263 477 2336 adfligi
505 2265 661 2336 dispendiis
686 2263 800 2316 minime
824 2266 953 2333 oportere

83 2347 169 2402 etiarn
185 2351 275 2402 nortri
298 2351 430 2420 temporie
447 2351 653 2424 tranquillitate
673 2353 809 2420 rancitnr3
831 2363 883 2403 nec
900 2347 952 2402 enlr

83 2433 202 2490 obtentu
209 2436 297 2492 initae
304 2438 472 2494 vendicionis
479 2441 602 2496 inlicitae
612 2440 648 2477 ’θ’
658 2439 737 2494 decet
752 2439 955 2508 ingenuitatem

84 2523 209 2592 infringi.
250 2540 337 2595 quare
362 2527 481 2580 iudicem
507 2537 700 2599 conpetentem
730 2525 806 2579 adire
826 2529 955 2596 parcet,

86 2611 180 2679 quiin
200 2610 312 2664 liberali
331 2629 412 2665 cauea
440 2631 472 2666 ea
493 2616 579 2667 saciet
593 2615 735 2684 conpleri,
760 2629 832 2684 quae
852 2613 883 2664 in
901 2610 957 2663 hu·

85 2696 236 2749 iuscemodi
254 2700 479 2756 contentionibur
499 2701 620 2756 ordinari
639 2707 822 2762 consuerunt,
850 2713 949 2752 eccun-

88 2780 150 2832 dum
161 2785 334 2837 iudiciariam
351 2785 526 2857 disciplinam
544 2788 670 2858 partibne
688 2786 858 2841 audientiam
873 2799 957 2854 prae·

86 2866 201 2922 bitume.
237 2871 284 2925 PP.
311 2871 381 2931 idib.
403 2875 471 2946 Aug.
488 2876 590 2932 Romae
607 2875 788 2930 Constantino
806 2879 835 2924 et
846 2871 955 2925 ticinio

83 2955 164 3024 Augg.
183 2956 244 3008 nit
264 2973 350 3013 consa.
371 2959 456 3031 (315.)

81 3038 105 3111 5.
123 3041 167 3108 id.
202 3044 270 3114 Aug.
289 3055 318 3098 et
336 3033 433 3100 Caere.
449 3047 490 3102 Fi.
509 3047 642 3120 Apriilae.
669 3047 736 3102 Cum
753 3045 907 3118 profitearis
926 3050 956 3098 te

86 3135 156 3180 eerla
182 3131 339 3198 quantitate
367 3133 537 3204 mancipium
562 3151 596 3188 en
622 3136 757 3205 sanguine
777 3147 956 3202 conparasse,

84 3217 159 3266 cuiue
176 3219 297 3284 pretium
314 3227 343 3273 te
369 3221 517 3275 exeoiviere
536 3222 606 3274 dicia
626 3228 654 3274 et
681 3219 870 3272 instrumentir
897 3233 957 3271 cere

83 3297 234 3355 firmatum:
260 3304 314 3358 hoc
338 3323 354 3360 a
381 3309 464 3361 nobie
488 3310 543 3362 iam
570 3309 637 3360 olim
654 3307 855 3379 praescribtum
875 3301 957 3365 eat²⁹,

394 3403 669 3422 -···--·-·-··-r·

86 3429 130 3497 28)
145 3429 271 3484 Extrema
289 3421 378 3490 huius*
390 3453 485 3490 verrur
506 3453 567 3506 perr
584 3451 670 3488 vacua
689 3442 739 3494 eet.
809 3434 872 3504 28⁸)
891 3430 961 3490 Mai.

87 3511 148 3554 corr.
167 3501 303 3576 inlicite.⁴
357 3509 402 3578 29)
421 3508 502 3562 Mai:
522 3521 570 3568 err.
592 3505 744 3575 Quodsi..
765 3546 772 3567 .
791 3513 958 3560 numeraret.
