2286 4130
234 313 243 324 “
294 313 341 366 DE
363 312 625 368 COGNITORIBUS
640 330 696 367 etc.
896 313 951 372 103

71 447 175 501 suisset
192 447 331 503 adiectum
349 452 392 502 vei
411 449 585 514 detractum,
615 465 672 502 non
690 449 780 502 valeat
797 447 890 511 datio,
920 459 952 501 ut

71 536 102 588 in
120 536 191 608 legis
212 531 378 594 actionibus,

71 621 92 691 t.
116 624 180 692 3¹9·
215 622 244 675 P.
257 622 268 658 ⁹
286 623 373 674 Etiam
391 623 503 678 Graecis
514 621 604 678 serbis
616 621 783 692 cognitorem
797 620 857 676 duri
870 636 951 692 posse

72 710 146 760 inter
164 723 261 767 omncs
281 717 395 770 constat,

71 795 91 862 ς’,
113 796 178 848 32⁰.
216 794 352 848 Secuntur
370 795 438 847 haee
457 793 540 848 verbs
561 801 607 852 „et
625 795 674 866 qui
689 797 711 828 ¹⁰
730 807 808 862 eam⁸
826 807 909 864 quam
922 794 951 846 in

70 887 212 950 potestate
231 880 317 934 habet
338 883 379 946 ¹¹,
397 897 497 950 genero
516 888 641 944 mortuo,
659 897 718 934 eum
738 897 800 932 eum
814 887 951 934 mortuum

71 983 129 1019 esse
149 969 252 1032 sciret,
276 967 365 1038 [intra
383 965 415 1020 id
433 981 558 1039 tempas,
574 985 630 1040 quo
649 968 759 1042 eiugere
780 967 873 1020 virum
896 984 952 1018 mo·

71 1055 110 1106 ris
129 1066 192 1116 est,
212 1068 361 1126 antequam
382 1053 471 1107 virum
490 1056 613 1124 cingeret
625 1056 647 1088 ¹²
658 1051 682 1126 ,]
702 1055 731 1105 in
744 1054 952 1106 matrimonium

71 1141 277 1205 conlocaverit,
304 1156 397 1194 eamve
416 1141 505 1192 sciens
534 1155 646 1194 uxorem
668 1139 778 1191 duxerit
791 1139 825 1204 ¹³5
854 1141 952 1212 etqui

71 1241 156 1290 eum,
176 1243 259 1296 quein
278 1227 307 1277 in
325 1234 463 1294 potestate
481 1225 613 1289 haberet,
642 1241 733 1278 aarum
751 1227 868 1296 qua1n¹i
884 1242 953 1277 uxo·

75 1311 255 1366 ram'dueere
274 1327 370 1381 pessus
396 1313 480 1364 inerit
491 1315 519 1376 ¹⁵,
536 1327 606 1384 quae
624 1313 729 1376 virum,
747 1318 899 1382 parentem,
918 1310 954 1359 li·

74 1398 190 1451 beroste
208 1412 283 1460 suas,
301 1398 343 1450 uti
361 1414 419 1452 mos
438 1405 496 1460 est,
514 1413 571 1450 non
591 1398 728 1468 eluxerit;
747 1411 828 1470 quae,
846 1413 906 1448 cum
923 1397 952 1447 in

73 1485 200 1550 parentis
221 1484 413 1552 suipotestate
427 1501 483 1535 non
498 1491 569 1535 esset
577 1521 588 1548 ,
606 1485 664 1537 uiro
679 1493 798 1544 mortuo,
819 1498 952 1534 cumeum

72 1575 213 1622 mortuum
235 1585 294 1638 esse
325 1571 427 1631 sciret,
459 1570 530 1622 intra
554 1569 584 1622 td
603 1577 729 1640 tenipus,
760 1585 814 1642 quo
844 1569 954 1638 eiugcre

72 1658 161 1710 airum
180 1657 265 1708 moris
282 1665 338 1719 est,
357 1657 513 1726 nupserit''.

71 1741 94 1813 i.
111 1745 174 1814 321..
221 1743 384 1804 „Potentem
396 1744 423 1806 ’',
450 1741 585 1814 inquit¹⁶.
622 1739 674 1795 Hic
706 1758 799 1796 omnes
825 1751 952 1812 parentes

73 1830 168 1900 aeeipe
187 1831 333 1901 utriusque
352 1845 451 1886 sexus:
488 1846 554 1894 nam
579 1829 694 1900 lugendi
721 1845 769 1881 eos
787 1829 953 1882 mulieribus

70 1917 156 1970 moris
173 1923 224 1970 est.
254 1933 419 1989 quamquem
431 1917 598 1988 Papinianus
614 1915 663 1968 lib.
675 1917 709 1970 11.
747 1915 951 1986 Quaestionum

71 2003 157 2056 etiam
175 2017 193 2054 a
214 2001 312 2056 liberis
324 2004 414 2058 visitis
425 2007 447 2042 ¹⁷
465 2019 546 2060 texat
555 2001 689 2074 lugendos
700 2017 761 2058 esse
773 2002 855 2068 ‹licat5
874 2002 950 2071 quod

71 2088 166 2154 neseio
188 2087 241 2140 nbi
256 2089 363 2158 legerit.
399 2089 449 2143 sed
470 2098 605 2162 quatenus
624 2087 790 2141 extendatur
802 2093 948 2158 parentum
1032 2079 1035 2084 ’

72 2174 266 2246 appeliatiofl*
275 2183 382 2229 nonest
394 2175 539 2230 definitum
557 2175 631 2246 opud
643 2190 816 2246 quemquam.
854 2174 950 2245 itaque

72 2269 155 2316 erunt
172 2261 286 2332 lugendi
306 2266 388 2316 etiam
409 2279 442 2316 ex
459 2264 594 2316 feminino
613 2277 677 2314 sexu
691 2269 826 2332 parentes.
845 2258 948 2314 liberas

71 2348 343 2418 similiter'aecipere
362 2349 494 2402 debemus
514 2359 542 2403 et
570 2359 683 2420 nepotes
702 2357 730 2402 et
753 2347 883 2418 deinceps
905 2351 949 2399 ui·

72 2435 187 2488 teriones
206 2437 332 2505 exempto
350 2439 514 2505 parentium.
554 2436 678 2504 Lugendi
702 2444 794 2487 autem
813 2445 877 2488 sunt
898 2451 947 2503 pa-

73 2530 163 2576 rentes
180 2538 270 2588 anno,
285 2523 352 2576 item
370 2523 452 2578 liberi
470 2525 586 2578 maiore·
606 2523 628 2575 X
644 2539 776 2576 annorum
787 2537 875 2592 seque
894 2537 944 2573 an·

385 2678 643 2694 Μ

76 2782 252 2850 superposita.
357 2783 386 2854 9)
411 2783 486 2836 Haec
504 2781 596 2834 littera
616 2779 700 2832 rubro
721 2785 749 2832 et
787 2779 879 2832 uidem
899 2782 945 2836 vix

75 2851 220 2920 superstite
239 2849 331 2914 colore
352 2845 453 2924 scripta
473 2856 521 2905 est.
540 2851 607 2907 Mai.
709 2849 752 2921 to)
767 2799 843 2902 itaec
861 2851 945 2904 verba

76 2919 157 2974 edicti
177 2921 356 2974 inveniuntur
374 2923 404 2974 in
424 2924 451 2974 L.
466 2941 484 2975 ι.
497 2923 528 2980 Ι).
545 2919 579 2973 de
597 2919 641 2973 his
663 2922 711 2991 qui
730 2927 787 2972 not.
806 2921 855 2973 ins.
901 2924 943 2992 tt)

74 2991 103 3042 L.
116 3009 135 3045 t.
157 2991 203 3043 cit.
222 3008 294 3064 quae
315 2991 346 3044 in
363 3005 418 3064 pot.
435 2995 493 3046 eins
511 3003 587 3048 esset.
662 2993 703 3062 tn)
716 2992 789 3044 Haeo
808 2989 943 3044 excidisse

75 3059 136 3113 Mai.
156 3077 212 3112 non
230 3060 309 3115 vidit.
421 3065 461 3126 ιδ)
480 3063 512 3113 ln
531 3061 558 3111 L.
571 3080 590 3115 ι.
610 3062 655 3112 eit.
675 3063 798 3132 estquis
816 3060 940 3126 duxerit,

76 3149 129 3183 non
147 3132 222 3182 iussu
240 3133 318 3196 eius,
339 3133 370 3183 in
389 3135 467 3184 euius
484 3142 617 3202 potestate
640 3143 687 3184 est.
755 3133 796 3200 alp)
814 3132 854 3184 Ita
874 3131 939 3184 V.-

75 3199 102 3252 L.
118 3219 139 3258 ι,
158 3203 206 3256 cit,
224 3199 309 3252 habet
326 3220 404 3264 eam,
436 3200 468 3255 de
482 3220 538 3275 qua
551 3219 634 3272 supra
649 3199 870 3273 comprehensam
890 3216 940 3257 est.

78 3271 117 3340 15)
134 3271 258 3340 Spatium
271 3288 385 3324 vacuum
405 3273 469 3322 Mai.
519 3272 545 3322 L.
562 3275 637 3322 acit-
649 3275 795 3342 sequentia
815 3291 872 3324 non
890 3273 941 3322 ha·

76 3339 127 3391 bet.
215 3344 257 3397 16)
275 3341 305 3393 V.
325 3343 380 3392 Mai
413 3339 520 3414 inquid.
594 3341 848 3412 17)Itu1iitsi.;V.
871 3346 939 3396 viri·

76 3412 118 3464 its.
156 3408 355 3482 17’)Mai.(et
376 3411 430 3482 Vi)
453 3411 595 3484 apellatio.
