2286 4140
350 379 399 432 DE
413 377 630 434 ususuucw.
884 376 922 438 25

49 517 75 587 5
95 514 130 584 pi
144 515 180 552 ⁸⁶⁸
213 545 537 570 ........
542 511 566 548 ⁸⁸
582 528 616 566 cx
633 509 678 565 bis
694 510 781 583 aliqui
800 517 923 566 norim

56 632 593 658 ..............
611 597 634 650 si
652 613 702 668 per
720 597 923 652 damnationem

52 719 552 742 ............
584 685 718 751 legaverit
736 681 831 737 liberis
849 699 922 738 uror·

47 774 110 829 tuis
142 805 373 828 ......

52 857 67 928 5
104 856 202 925 75391.
239 893 246 906 .
282 853 557 925 intersecantium
574 853 651 906 ius⁸²
666 851 849 908 ederemus
872 853 927 908 Ssti

56 972 556 998 ............
574 939 605 992 in
625 938 660 990 do
679 939 739 1006 lego
758 939 846 1010 legato
868 941 927 992 ιι·

51 1063 239 1087 .....
257 1027 383 1079 Ceterum
400 1026 426 1078 si
442 1025 619 1096 separatius„
637 1025 811 1094 ususfructus
829 1026 866 1078 sit
884 1041 929 1079 re·

55 1116 163 1177 lictus,
184 1113 245 1164 siue
263 1111 349 1162 <lesbio
369 1111 415 1163 ius
433 1107 613 1166 accrescendi
633 1124 729 1166 cusat·
764 1111 927 1184 Denique*

54 1197 134 1271 apud
151 1199 296 1252 lulicsusm
307 1197 356 1248 lib.
376 1195 478 1248 XXXV.
496 1195 556 1266 Dig.
573 1197 732 1266 quaeritur,
747 1197 772 1249 sl
789 1198 929 1252 cosumusss'

59 1303 140 1340 servo
157 1285 334 1357 uuesfmctus
353 1285 390 1337 sis
404 1284 536 1345 *relicum
560 1294 587 1336 st
611 1284 723 1356 utrique
749 1301 784 1338 ss
805 1282 928 1338 dominis

58 1371 215 1441 adquisitus
233 1373 272 1422 sit
282 1372 324 1434 ⁹¹,
349 1385 384 1421 en
411 1371 498 1424 altero
518 1366 683 1438 repudiante
709 1369 757 1422 uel
785 1371 928 1424 eruiturus

53 1457 274 1529 usumfructum,
288 1459 455 1511 oltertotum
464 1455 575 1508 babeat
607 1457 641 1508 Es
650 1454 774 1508 Inlisnus
785 1454 928 1526 quiricus⁹²

53 1543 189 1616 putaturi
200 1545 321 1598 merum
333 1546 495 1615 pertineres
512 1555 540 1596 et
549 1539 746 1598 licetdnminr’s
756 1541 926 1598 ususfructus

52 1735 132 1809 quoti
152 1749 187 1788 ex
204 1735 285 1788 libris
305 1734 416 1802 Ulpiani
436 1733 610 1803 desumptum
627 1749 686 1786 esse
704 1733 806 1789 Buebb.
821 1743 925 1791 temere

55 1807 255 1878 praesumpsit
301 1805 363 1875 85⁴)
382 1804 429 1856 Ed.
449 1806 537 1856 Berol.
558 1803 594 1874 55
615 1807 658 1874 73.
678 1807 720 1872 75.
793 1807 839 1874 86)
860 1807 926 1858 Mal.

56 1877 266 1946 inscriptionem
285 1877 463 1944 praeposuit:
480 1875 538 1946 Uip.
562 1874 611 1928 lib.
629 1875 717 1928 xm
728 1873 768 1926 ud
779 1875 926 1940 Sabinum,

55 1946 136 2018 quod
166 1963 221 2016 quo
242 1946 301 1996 iure
321 1945 425 2008 fecerit,
445 1961 502 1996 nou
528 1943 675 2012 intelligo,
704 1945 757 1996 nisi
776 1947 849 1998 sorte
866 1945 926 2014 ipss

54 2015 156 2068 Sabini
176 2013 277 2077 verba,
298 2029 369 2084 quse
388 2015 521 2082 Ulpianus
538 2015 568 2065 in
593 2013 775 2083 sequentibus
794 2023 822 2066 et
840 2017 927 2067 inaxi-

59 2103 103 2136 me
120 2087 150 2136 in
170 2083 191 2154 §.
210 2087 254 2140 86.
273 2084 414 2152 explicet,
434 2085 476 2137 his
496 2084 619 2136 frustulis
637 2084 748 2136 subesse
766 2083 926 2143 crediderit.

57 2157 107 2225 87)
137 2155 286 2224 Sequentia
314 2170 402 2224 usque
423 2153 458 2206 sd
476 2153 497 2224 5
515 2157 556 2210 88
580 2171 614 2206 en
632 2154 692 2224 Ulp.
714 2154 763 2206 lib.
788 2155 870 2206 xvii.
890 2154 926 2206 sd

59 2227 193 2278 Sabinum
220 2225 355 2293 exscripta
374 2223 408 2275 de
427 2223 569 2276 usufructu
583 2222 762 2278 accrescendo
774 2223 880 2277 habent
897 2231 927 2278 et

54 2298 202 2348 maximam
225 2301 330 2362 parium
353 2297 527 2362 reperiuntur
552 2294 581 2345 iu
612 2293 666 2351 LL.
691 2312 711 2347 ι.
736 2296 759 2346 3.
781 2296 806 2348 8.
833 2293 865 2344 D.
891 2295 925 2348 de

55 2366 142 2418 usulr.
171 2380 239 2416 scer.
259 2362 435 2416 Desideratus
452 2365 482 2416 in
503 2363 533 2413 V.
554 2364 629 2434 qnod
647 2381 680 2416 ex
699 2363 833 2432 eosiUlp.
851 2363 925 2420 libro

54 2437 152 2488 Lus.
169 2452 211 2492 so.
237 2449 276 2486 ss.
295 2435 329 2483 ci.
352 2435 394 2485 tit.
423 2432 565 2485 exhibent.
604 2435 631 2486 1..
650 2435 729 2486 uuit
753 2434 792 2486 ils
811 2437 924 2502 incipit:

53 2507 193 2572 Quotiens
216 2504 387 2573 ususfructus
411 2503 520 2574 legatus
542 2514 601 2564 est,
632 2503 673 2556 ite
700 2506 775 2556 iuter
794 2503 926 2571 fructua-

52 2578 114 2629 rios
130 2587 173 2631 ¹sut
195 2575 240 2626 s'us
259 2571 452 2634 accrescendi,
470 2575 495 2626 sr'
513 2573 683 2628 cous'ssnctim
699 2575 736 2627 sit
753 2575 926 2644 ususfiuctus

53 2649 178 2700 relictus.
218 2643 341 2697 Ceterum
358 2643 422 2707 rel.;
445 2658 477 2694 ex
489 2644 589 2713 quibus
599 2639 664 2696 Mai.
684 2651 712 2696 et
730 2643 830 2694 uuchh.
848 2647 927 2713 priu-

55 2718 159 2783 cipinnr
186 2714 242 2764 loci
273 2715 360 2766 nostri
379 2712 572 2775 restituerunt,
601 2711 746 2766 inserendo
774 2729 867 2766 rocem
886 2725 929 2770 est

58 2788 130 2838 iuter
152 2783 331 2853 fructuarios
356 2790 385 2836 et
410 2785 464 2840 ius.
585 2784 631 2854 88)
674 2782 706 2831 V.
735 2801 760 2834 m
776 2798 839 2836 cum
857 2783 926 2835 duo·

58 2855 108 2906 lrus
125 2854 238 2924 punctis
256 2853 328 2920 <uisi
346 2853 417 2906 forte
436 2854 471 2906 sit
488 2852 601 2912 lineola)
619 2853 847 2921 superimpositis.
884 2856 926 2905 Au

57 2924 164 2978 uredo?
185 2924 252 2975 Mei.
272 2952 303 2964 -
324 2923 450 2976 Fortasse
467 2922 611 2990 legendum
633 2929 690 2975 est:
710 2919 789 2976 mocio
808 2925 927 2978 coiciun-

56 2999 121 3048 cu'm
140 2994 257 3047 relictus
273 2994 319 3045 sit
340 2995 466 3047 Ceterum
485 2991 533 3043 rel.
552 2992 585 3042 cl.
606 2990 629 3062 §.
648 3011 689 3063 77.
727 2992 867 3047 interdum
883 3005 927 3047 tu-

58 3085 136 3126 men,
157 3065 211 3116 etri
228 3075 368 3115 nonsunt
385 3061 529 3115 corsiuncti
546 3062 637 3114 rel.-
658 3060 762 3114 Bucbh.
782 3065 840 3115 ita:
875 3060 930 3118 Sed
959 3085 964 3100 ·

58 3137 109 3187 etsi
116 3135 292 3188 coniunctim
310 3135 347 3186 sit
364 3133 537 3202 ususfructus
554 3132 686 3195 relictus,
703 3133 752 3185 vel
767 3135 926 3203 separatim,

59 3207 89 3256 in
108 3203 144 3258 do
161 3205 225 3272 lego
245 3203 338 3272 legato
356 3205 400 3257 ius
417 3199 594 3255 accrescendi
615 3213 660 3254 est.
699 3203 824 3255 Ceterum
843 3205 867 3254 si
884 3219 928 3256 se·

54 3275 181 3342 paratim
202 3273 356 3342 unicuique
372 3274 465 3341 pus-tis
490 3271 534 3323 rei
557 3271 733 3342 ususfructus
760 3273 807 3324 rel.
879 3275 928 3340 89)

58 3344 118 3412 Dig.
136 3345 265 3396 inserunt
282 3344 435 3413 uuicuique
452 3341 543 3412 pertis
564 3341 607 3394 rei
615 3377 624 3403 ,
642 3358 657 3390 e
678 3341 752 3392 Maio
773 3342 881 3404 omisso,
901 3345 930 3390 et

59 3423 146 3478 recte,
169 3420 304 3484 quantum
322 3413 412 3466 video.
495 3411 541 3480 90)
563 3409 692 3480 L.1·§·1.
713 3411 744 3459 D.
765 3413 802 3462 cit
882 3410 928 3476 9⁸)

61 3480 118 3553 Dig·
137 3484 254 3554 utrique
272 3481 383 3537 demisso
402 3481 566 3555 adquisitus.
638 3481 685 3552 9²)
707 3480 767 3549 Dig.
786 3479 824 3532 Et
839 3489 927 3550 putet.
