2286 4130
327 463 374 514 AD
394 461 517 516 LEGEM
538 460 698 520 electen.
909 465 944 520 Sd

54 599 163 650 stituta
188 597 283 664 patrie.
333 599 513 661 diiudeese,
546 597 679 652 sidetem
701 595 808 650 dedit''.
850 599 942 667 Uipia·

54 701 122 737 nus:
152 683 271 737 Constat
289 685 364 757 quod
383 686 519 739 utendum
542 687 615 740 tiliae
636 685 731 739 datum
755 693 797 738 est
814 702 941 738 noneste

55 770 212 837 donatum
233 771 281 824 ted
302 773 353 826 etti
366 773 500 826 donatum
512 773 534 812 *Β
552 781 642 837 ceaet,
662 788 749 845 aeque
760 771 873 826 donatio
886 790 943 825 non

55 857 172 912 valeret
190 857 221 908 in
240 859 326 912 titiam
347 861 474 923 conlata,
499 877 569 932 quae
590 861 619 914 in
640 861 726 930 Patria
745 866 802 912 erat
819 867 942 930 potesta-

55 952 86 996 te
96 949 127 994 ¹⁷.
176 943 261 1014 plane
286 947 309 997 ai
336 948 365 1002 in
394 949 486 1000 dotem
504 955 591 1002 mater
609 947 683 1000 filiae
704 947 841 1008 dedisset,
867 948 942 998 valet

57 1031 141 1100 quod
162 1031 341 1086 factumest:
378 1041 468 1106 potest
488 1038 562 1087 cuim
583 1033 685 1088 donare
704 1034 801 1096 tiliae,
820 1050 879 1086 cnm
898 1048 940 1085 ree

55 1119 158 1172 mariti
178 1118 262 1186 tiant3
283 1121 407 1190 quamvis
430 1122 717 1192 quandoquetiliavel
736 1121 809 1184 sota,
830 1121 852 1170 si
873 1121 940 1172 iuris

57 1206 104 1257 aui
124 1207 228 1270 suerit,
246 1207 291 1258 vet
309 1207 449 1260 voluntate
470 1209 543 1262 filiae
562 1217 639 1278 pater
652 1209 753 1260 habeat
771 1209 810 1260 rei
826 1209 939 1259 uxoriae

60 1293 212 1366 actionem.
261 1294 361 1346 Merito
382 1296 467 1362 igitur
485 1295 602 1347 Sabinus
624 1295 679 1358 ait,
708 1296 730 1346 ci
750 1295 836 1346 inscio
854 1311 940 1346 uxore

64 1378 109 1429 rel
129 1380 241 1442 invita,
269 1392 356 1434 mater
367 1383 388 1416 ¹⁸
413 1382 442 1431 in
460 1382 552 1436 dotem
574 1381 671 1443 dedit,
698 1397 753 1432 rem
772 1381 863 1432 mariti
882 1397 941 1430 nou

64 1479 124 1518 erae
147 1467 270 1530 iactam,
290 1477 318 1518 et
335 1469 399 1519 ideo
421 1469 554 1520 vindicari
575 1467 609 1520 ab
619 1467 720 1519 herede
740 1465 861 1518 mutieria
877 1483 940 1534 pos·

63 1567 99 1602 ae.
137 1553 278 1622 quodei¹⁹
306 1555 410 1608 aciente
430 1572 461 1606 ea
481 1555 535 1607 boc
562 1556 664 1606 tactum
689 1556 744 1618 ait,
766 1570 939 1623 consequeus

68 1637 120 1689 erit
140 1639 237 1694 dicere
258 1641 398 1694 indutam
418 1655 577 1698 conversum
595 1659 655 1694 esce
674 1641 723 1704 id,
752 1640 827 1712 quod
849 1639 942 1728 datum

67 1727 147 1778 eat20.

68 1816 90 1878 t.
109 1828 169 1880 ²7⁰·
209 1812 335 1881 Hermog.
354 1816 396 1866 tit.
416 1815 450 1866 dc
476 1814 710 1868 donationibur¹¹.
746 1813 809 1866 Diri
830 1809 941 1864 Diocle·

66 1900 158 1950 tianus
176 1905 205 1951 et
227 1899 405 1954 Constantius
434 1902 571 1954 Caeciliae
592 1901 771 1969 Anagrianae.
808 1898 837 1950 Si
855 1897 943 1950 dona·

66 1987 191 2038 tionibus
210 1987 347 2038 inunum
366 1989 453 2040 tiliam
481 1991 599 2041 conlatis
627 1994 724 2058 quarta
751 2002 808 2037 non
835 1991 944 2036 retenta

65 2073 261 2140 patrimonium
281 2075 477 2128 exhaustarum
507 2075 679 2129 intrandam
702 2082 852 2126 ceterorum
872 2072 946 2123 tilio-

70 2175 126 2210 rum
147 2159 297 2228 probetur,
330 2163 377 2216 hac
397 2165 518 2216 rescindi
540 2164 680 2216 adinstar
701 2161 848 2212 inofficiosi
861 2165 944 2208 testa-

68 2246 186 2297 menti²³
216 2251 301 2302 sacris
335 2250 583 2303 constitutionibur
614 2258 758 2318 parentum
784 2254 941 2298 nostrorum

67 2331 210 2388 evidenter
229 2339 396 2390 continetur.
435 2333 524 2392 Matre
545 2353 658 2410 quoquc
677 2333 751 2388 filiae
771 2352 813 2388 ree
832 2349 940 2387 venun·

67 2418 149 2470 dante
182 2419 256 2477 nihii
281 2426 306 2478 ei
334 2425 442 2478 auferre
469 2443 549 2494 posce
575 2441 630 2479 non
659 2424 816 2490 ambigitur.
864 2419 940 2470 Sub-

69 2507 169 2576 scripta
189 2508 220 2558 V.
235 2507 289 2562 kal.
310 2511 373 2563 Mai.
394 2511 491 2576 Sirmi,
517 2513 606 2566 Caeca.
628 2527 717 2564 consa.
736 2510 820 2579 (294.)

68 2589 86 2660 5.
105 2611 165 2660 271,
202 2594 313 2648 ΙάειηΝ
340 2597 441 2650 Boncio
472 2596 607 2652 Secundo.
655 2597 762 2650 Praeter
780 2593 940 2664 provinciae

70 2679 171 2730 amicus
191 2689 284 2735 noster
301 2687 445 2736 notionem
465 2699 541 2738 auam
560 2685 709 2754 inpediet,
736 2699 792 2734 non
812 2683 938 2748 ignorans

69 2781 116 2832 pro
147 2783 197 2818 sua
224 2773 386 2826 auctoritate
416 2781 499 2842 atque
529 2773 718 2842 experientia,
745 2773 768 2824 si
792 2767 937 2820 docebitur

377 2905 641 2922 ...ο-..Μ

74 3001 145 3046 tentu
167 3011 218 3046 ortt.
238 2995 268 3046 in
289 2993 350 3044 add.
367 2993 513 3062 supplevit.
580 2991 621 3062 16)
643 2992 720 3044 Coni.
738 2988 818 3051 Mni3
837 2985 869 3037 V.
887 2982 939 3036 do·

74 3078 160 3118 nator.
244 3070 287 3131 ιγ)
308 3067 338 3121 tn
356 3081 437 3132 marg.
455 3063 539 3114 schot.
565 3069 657 3117 Mater
667 3063 737 3130 filio
757 3063 788 3111 ίη
804 3068 937 3128 potestate

76 3137 160 3203 posito
178 3132 314 3196 donando,
330 3135 404 3188 nibil
422 3137 490 3204 agit.
570 3137 613 3204 ¹8)
631 3137 671 3184 ita
691 3134 777 3184 Birrm.
788 3151 798 3195 ‚·
827 3129 857 3178 V.
876 3127 939 3176 Mai.

78 3207 196 3258 maritus.
295 3209 337 3278 ¹9)
356 3205 388 3254 V.
406 3206 470 3256 Mai.
497 3203 580 3277 quod.
669 3203 714 3272 no)
738 3199 826 3252 Verba
845 3197 939 3278 datum

78 3289 113 3328 est
129 3275 219 3328 deleta
237 3281 321 3346 atque
342 3277 395 3328 alia
420 3293 501 3328 mauu
523 3279 649 3328 restituta
670 3289 728 3324 esse
748 3270 939 3348 testaturltdar.

79 3347 105 3398 iu
121 3345 179 3396 add.
235 3350 280 3410 nr)
301 3347 374 3399 Haec
392 3362 504 3415 quoque
522 3348 578 3398 alio
596 3348 749 3412 scripturae
769 3355 867 3409 genere
893 3354 940 3389 1n-

79 3425 115 3468 ter
130 3417 337 3470 verecundiae
356 3423 426 3468 aunt.
445 3416 509 3482 Mai.
618 3416 662 3485 nn)
684 3415 726 3464 lta
745 3413 823 3475 Mai.;
844 3411 876 3460 V.
893 3427 941 3459 ex·

80 3481 196 3552 inustam
216 3487 271 3538 atta
291 3500 374 3541 manu
392 3487 540 3540 exhortum.
641 3486 686 3554 23)
706 3485 736 3532 V.
750 3487 787 3536 'tt
806 3481 942 3548 superirn-
1018 3483 1026 3502 '

79 3560 161 3624 posita
180 3559 199 3610 ι’.
220 3558 285 3611 Mei.
357 3559 402 3629 24)
423 3557 454 3615 itt
471 3573 552 3625 marg.
569 3554 652 3611 schot,
674 3553 706 3608 de
725 3551 872 3620 inmodicis
892 3549 942 3601 do·
