2286 4130
107 1784 177 1847 rpb.

104 1855 176 1910 aas.

188 1803 196 1906 l

213 499 249 555 82
476 497 521 552 DE
541 496 809 550 DONATlOlllBlJS

212 637 389 708 plicationem
409 640 501 690 lorum
521 639 624 690 habere
648 640 798 708 imperator
822 641 919 686 noster
947 633 1087 703 rescripsit

212 725 241 774 in
259 723 327 776 haee
347 726 429 778 verba
443 727 460 775 ⁹.

211 809 231 880 ᾗ.
255 812 337 864 rues.
376 814 456 882 Greg.
476 811 523 863 lilr.
542 812 615 864 lllll.
633 812 675 862 tit.
687 815 708 846 ¹⁰
731 813 795 880 imp.
813 809 972 862 Alexander
991 807 1083 860 Flavio

210 896 372 950 Menandro.
410 897 544 952 professio
565 899 724 952 donationis
738 897 812 966 apud
823 903 884 948 acta
902 896 1003 958 laetae,
1025 911 1082 944 curn

210 1000 302 1054 neque
322 987 572 1054 mancipationem,
597 1001 689 1054 neque
708 983 887 1036 traditionem
907 982 1080 1034 subsecutam

211 1087 268 1123 esse
282 1073 380 1135 dicas,
400 1073 615 1126 destinationem
636 1071 729 1141 potius
747 1070 926 1122 liberalitatis
937 1085 1021 1140 quarn
1041 1071 1080 1119 el·

208 1158 310 1210 lectum
329 1160 368 1210 rei
389 1167 466 1213 actae
487 1161 617 1211 eontinet.
664 1165 810 1227 eapropter
842 1155 919 1229 qnod
948 1173 1007 1208 non
1033 1154 1078 1205 lra-

207 1244 270 1297 butt
289 1245 362 1298 fitius
381 1253 443 1300 tuus
461 1247 629 1308 dominium,
648 1246 670 1298 si
689 1261 761 1316 quac
781 1244 907 1297 adfirmas
925 1259 989 1294 vera
1008 1253 1079 1297 sunt.

207 1329 331 1402 obligare
350 1343 429 1404 pacto
451 1350 501 1385 suo
521 1332 651 1384 creditori
670 1347 727 1384 nou
743 1331 848 1400 potuit;
866 1346 918 1382 nec
930 1329 1007 1400 quod
1021 1335 1078 1382 sine
1129 1333 1130 1338 ’

206 1425 303 1473 ellectu
322 1429 427 1491 gentum
448 1429 498 1484 est,
516 1420 732 1474 vindicationem
752 1419 793 1469 tui
812 1418 880 1469 iuris
892 1415 1019 1486 impedit.
1037 1419 1072 1468 l'P

205 1508 251 1558 lll.
268 1507 321 1561 kat.
338 1510 394 1562 Ian.
438 1507 594 1561 Alexandro
623 1503 693 1573 Aug?
707 1506 753 1556 lll.
772 1511 800 1557 et
827 1504 917 1557 Dione
938 1505 971 1557 11.
991 1522 1076 1558 conss.

204 1595 287 1666 (aas)

205 1681 225 1753 §.
244 1683 303 1752 267.
339 1681 422 1754 Impp.
447 1682 564 1736 Severus
593 1686 622 1732 et
647 1681 801 1732 Antoninus
829 1681 910 1749 Augg.
938 1678 1076 1734 Cosaniae

205 1769 324 1822 Hilotae.
360 1767 438 1822 Actio
458 1773 558 1821 nova¹¹
576 1785 610 1819 ex
627 1765 819 1840 prolmissione
831 1769 862 1828 ¹²,
883 1782 955 1838 quae
967 1769 1077 1821 donati·

205 1858 264 1910 onis
283 1873 364 1910 causa
382 1857 454 1909 facta
472 1856 527 1918 sit,
559 1855 619 1908 dari
641 1871 697 1906 non
709 1855 730 1888 ¹³
748 1855 825 1908 solet.
872 1851 917 1906 PP.
935 1847 1008 1926 prid.
1025 1853 1068 1907 kal

201 1946 258 1996 Ian.
295 1947 414 2009 Romae,
433 1943 573 1996 Antonino
593 1942 625 1992 ll.
644 1958 730 1994 conss.
742 1943 762 1977 ¹⁸
781 1941 864 2012 (205.)

200 2035 223 2102 5.
243 2033 302 2086 rue.
338 2032 532 2102 Quaerebatur
550 2045 600 2089 an.
619 2047 679 2083 cum
698 2029 777 2080 Seius
795 2028 880 2082 liliam
894 2045 1075 2084 suameman·

200 2118 327 2189 ciperet,
356 2116 432 2187 apud
454 2125 514 2169 acta
537 2118 676 2189 professus
706 2119 743 2170 sit
770 2117 796 2168 ei
822 2133 851 2170 se
881 2116 987 2170 donare
1013 2120 1075 2172 luu-

193 2206 281 2268 ,dum‚
300 2221 352 2258 nec
368 2206 551 2258 instrumenta
570 2204 730 2258 donationis
749 2204 868 2268 lecerit,
893 2209 959 2256 an¹⁵
975 2208 1075 2261 videa-

200 2302 244 2346 tur
264 2292 435 2360 professione
462 2301 585 2344 actorum
615 2294 737 2361 perlecta
764 2307 822 2344 ease
849 2293 973 2345 donatio.
1024 2297 1075 2349 lie-

191 2378 308 2448 spondi,
325 2380 348 2428 si
362 2394 452 2448 neque
466 2378 652 2448 mancipatio,
669 2396 761 2452 neque
779 2379 892 2435 traditio
910 2391 1008 2438 secuta
1022 2397 1075 2448 est,

198 2465 264 2518 solis
286 2468 354 2519 actis
376 2466 528 2518 dominium
549 2483 604 2518 non
624 2468 760 2521 transisse.
1128 2515 1129 2520 ,

198 2553 219 2624 §.
238 2553 298 2624 269.
335 2553 469 2622 Ulpianus
490 2553 562 2607 libro
581 2551 672 2605 XLVI.
692 2553 727 2607 ad
738 2556 878 2609 Sabinum.
914 2559 976 2623 „Ut
998 2565 1074 2632 quod

197 2640 332 2694 utendum
351 2646 437 2693 mater
461 2641 535 2694 filiae
563 2641 660 2705 dedit,
689 2659 746 2694 non
770 2645 897 2697 videatur
921 2646 1074 2707 donatum.

198 2734 226 2780 et
246 2728 269 2781 si
289 2728 421 2782 donatum
441 2728 499 2792 sit,
518 2746 574 2783 non
590 2730 703 2791 valeat,
720 2731 750 2784 in
770 2739 906 2801 potestate
928 2735 985 2787 lilla
1006 2755 1071 2788 eon-

503 2841 770 2854 ....-.-...--..

195 2890 224 2960 9)
242 2889 334 2943 Verba
353 2889 437 2943 huius
457 2892 583 2959 rescripti
604 2891 804 2944 desiderantur.
848 2911 911 2948 nam
929 2899 1006 2967 qnod
1027 2917 1072 2950 sr-

194 2961 289 3031 quitur
307 2960 469 3030 rescriptum
494 2961 643 3014 Alexandri
662 2961 698 3012 ad
723 2965 778 3015 alia
798 2968 912 3020 omnino
932 2971 1070 3034 pertines.

192 3047 244 3082 nec
264 3031 300 3081 ab
321 3032 440 3100 Ulpiano
459 3032 537 3084 citari
558 3035 670 3102 potuit,
700 3036 805 3104 quippe
834 3038 882 3106 qni
914 3037 1005 3090 libros
1035 3041 1071 3090 ad

192 3102 311 3154 edictum
332 3101 383 3153 sub
400 3103 539 3156 Antonino
561 3103 704 3156 Caracalla
724 3107 851 3171 scripsit,
870 3114 898 3160 et
917 3123 941 3159 a.
955 3111 1016 3162 228.
1045 3129 1063 3180 p

152 3215 157 3232 ,
193 3171 255 3226 chr.
273 3172 434 3226 interiectus
447 3179 495 3227 ert.
533 3189 618 3243 quare
630 3189 681 3226 nec
693 3175 782 3227 llassii
801 3177 985 3250 Wenclriique
1006 3196 1071 3235 sen-

194 3245 311 3296 tentiam
332 3242 437 3310 probo,
471 3243 520 3314 qui
539 3253 603 3314 post
623 3261 649 3298 v.
671 3245 771 3300 lralere
790 3247 872 3315 plene
887 3247 1068 3317 distinguen-

191 3312 258 3368 dum
275 3329 334 3365 esse
355 3324 527 3367 censuerunt.
568 3314 659 3386 ro)lta
677 3316 713 3373 V.
732 3320 885 3371 recentiore
905 3320 1071 3374 utividetnr

193 3400 283 3437 manu.
302 3383 365 3436 llloi.
375 3384 465 3437 -Ed
476 3386 562 3438 Berol.
576 3385 679 3438 habet:
702 3390 802 3443 verda:
824 3385 914 3459 [Greg.
927 3391 973 3442 tit.
984 3393 1069 3448 Xlll.
1127 3449 1128 3452 ,

189 3455 241 3527 tie]
250 3457 316 3540 imp.
325 3456 371 3507 rel.
412 3458 453 3524 rt)
465 3456 538 3506 llass.
547 3472 624 3526 prop.
634 3455 719 3513 nuda.
751 3459 913 3528 ta)Wenek.
921 3462 981 3512 vult
996 3482 1070 3532 pro-

182 3525 317 3594 fessione.
367 3527 408 3596 13)
430 3527 470 3578 lta
488 3527 553 3582 Mai,
572 3529 603 3579 in
626 3527 702 3588 add.;
719 3530 749 3582 in
769 3539 901 3591 contentu
917 3549 974 3584 non
990 3530 1068 3586 dari.

195 3598 237 3664 14)
255 3596 296 3646 lta
313 3598 346 3650 v.
365 3595 472 3648 duabus
489 3616 509 3650 r.
529 3597 593 3652 tiri.
687 3601 731 3664 15)
749 3599 814 3652 Μαί.
832 3590 863 3654 rei
883 3620 923 3657 au
941 3618 974 3656 ex
996 3619 1068 3658 eon·
