2286 4140
400 373 591 462 rnnrs'no,
866 409 927 459 ιιιιι

57 545 306 621 sivisdistinotas,
331 546 525 621 inseruimus,
550 556 659 628 atque,
684 547 735 606 ubi
749 545 844 606 oorler
857 567 927 626 spa·

56 680 136 738 tiunr
158 679 277 738 nullum
299 677 484 760 praebebat,
510 681 597 740 uncis
615 678 808 762 inclusimus3
833 683 927 758 ipsius

53 829 133 872 vero
155 809 268 873 codicis
289 822 344 874 aut
363 811 441 876 Maii
457 813 641 894 scripturam
676 813 707 872 in
732 811 927 874 annotatione

56 941 202 1026 religiose
229 943 441 1008 indicavimus.
507 942 574 1006 Ubi
610 943 737 1005 verbum
764 941 927 1004 eliminan-

56 1077 134 1137 dum
152 1076 337 1155 videbatur,
359 1075 392 1134 id
411 1095 534 1156 quoque
546 1077 578 1132 in
600 1077 827 1134 annotationem
843 1075 926 1137 able·

56 1209 215 1291 gavinius,
238 1215 292 1268 aut
311 1205 398 1266 uncis
412 1205 553 1286 appositis
569 1206 754 1272 notavimus.
797 1205 925 1288 Paginas

56 1352 94 1401 ut
113 1341 145 1402 in
170 1341 249 1401 Gaio
269 1349 297 1400 et
329 1337 466 1420 Ulpiano
497 1338 742 1420 numeravimus,
772 1339 925 1400 membra.

55 1494 171 1535 narum
191 1493 268 1536 vero
297 1473 460 1534 incisiones
482 1493 686 1556 numerosque
705 1471 925 1534 versiculorum

55 1603 223 1670 omisimus.
264 1606 395 1668 Librarii
411 1606 563 1668 scribendi
588 1606 665 1666 ratio
683 1604 737 1664 ubi
752 1605 925 1686 nequepla-

55 1761 95 1800 ne
118 1750 262 1822 corrupta
287 1741 469 1819 videbatur,
495 1761 593 1822 neque
607 1716 772 1799 intellectui
793 1737 924 1818 impedi·

56 1881 164 1934 nieuto
190 1881 273 1945 erat,
302 1882 422 1933 servata
444 1883 498 1932 est.
538 1875 580 1932 ita
612 1893 639 1932 v.
668 1894 695 1938 c.
724 1889 794 1932 cum
822 1869 925 1930 codice

56 2003 163 2086 scripsi
185 2003 341 2087 conpleri,
361 2002 550 2086 adprobari,
563 2003 764 2086 praescrihtio
773 2045 786 2073 ,
808 2003 923 2074 r'nicr'et,

58 2135 185 2211 subicit,
208 2137 424 2212 centensimus,
446 2137 594 2220 querellas
613 2147 645 2197 et
667 2135 740 2199 alia.
781 2134 846 2193 Non
870 2135 922 2194 ad·

56 2269 175 2328 monito
198 2267 313 2330 lectore
339 2269 456 2330 correxi
479 2270 589 2330 codicis
608 2272 808 2351 scripturam,
834 2267 886 2328 ubi
908 2291 924 2328 e

56 2410 88 2459 et
105 2401 196 2485 nond
206 2413 236 2461 et
252 2415 264 2460 t
278 2401 351 2461 falso
365 2410 554 2482 permutatae
567 2411 686 2478 essent3
711 2403 923 2481 aspirationem

57 2533 98 2607 (le)
120 2536 205 2592 ornisi
223 2535 254 2594 in
276 2533 488 2607 irortendatur,
514 2535 679 2605 enitentem,
703 2533 836 2608 honera,
858 2535 923 2592 tis:

55 2663 151 2735 dem,
180 2667 239 2742 tii,
277 2665 417 2746 supplevi
440 2667 470 2725 in
501 2678 644 2740 actenus3
675 2661 733 2722 aliu
765 2662 922 2736 eiusmodi,

56 2794 94 2854 de
121 2795 234 2875 quibus
258 2798 383 2858 consule
398 2796 530 2858 indicem
541 2794 822 2876 orthographicum.
865 2795 922 2872 Ti-

55 2928 153 3004 tulos,
176 2949 254 3008 quos
273 2930 364 2990 codex
388 2931 418 2989 in
440 2933 566 2990 summis
588 2931 767 3010 paginarum
788 2929 850 2986 oris
870 2946 922 2985 ex.

54 3057 160 3137 hibet,
181 3061 335 3143 ipsamque
360 3062 559 3145 partitionem
581 3072 613 3120 et
632 3058 771 3119 ordinem
792 3079 830 3118 ex
849 3057 921 3118 Maii

55 3192 192 3272 exemplo
221 3195 341 3259 retinui.
370 3181 373 3200 ’
397 3191 667 3275 Paragraphorum
700 3191 805 3273 signis,
825 3197 864 3251 ut
891 3189 922 3247 in

58 3320 250 3383 Berolinensi
260 3326 436 3408 exemplari,
447 3325 583 3410 singulos
594 3325 677 3385 locos
692 3323 829 3400 distinxi,
844 3341 923 3402 quae

57 3465 159 3516 tamen
186 3460 270 3539 signa
299 3458 530 3540 transponenda
555 3467 644 3520 erant
673 3459 706 3520 io
734 3457 776 3538 §§·
797 3454 849 3539 74·
872 3447 922 3534 75·
