2286 4140
394 429 441 482 ET
464 429 635 485 vtdnl't‘o.
934 433 953 493 9

73 575 141 626 istac
160 569 305 642 angutiatin
322 566 382 639 lege
401 569 590 640 prohibemur,
608 567 808 632 constitutione
826 571 953 626 excludi·

72 661 175 716 mur³⁹r
203 657 354 712 etidcirco
377 658 466 712 iustae
487 657 678 727 providentiae
698 657 824 711 conculta
843 658 953 712 delibe-

71 749 182 802 ratione
196 745 356 809 rantium,
374 751 406 796 nt
423 746 537 798 omnino
557 744 639 816 quid
657 750 790 816 conparat
814 744 856 797 rei
886 763 952 800 con·

70 843 188 907 paratae
212 834 257 886 iur
288 838 433 901 eognoscat
460 839 490 884 et
519 847 632 886 centum
659 833 707 896 Μ,
741 847 834 904 neque
866 831 951 888 liceat

73 922 160 976 alicui
182 937 240 974 rem
258 919 320 973 eine
345 921 463 972 eonru⁴²
489 935 640 989 conparare
661 919 706 971 vel
729 920 857 974 rendere.
893 921 950 990 Iud

71 1011 180 1078 spectio
211 1013 305 1061 autem
341 1007 456 1078 publica
475 1008 500 1044 ⁸³
529 1008 574 1062 rei
611 1007 712 1062 fircalia
745 1021 805 1060 erae
838 1005 956 1060 debebit
973 1007 1012 1066 58.
1028 1022 1049 1056 a.

72 1097 126 1151 hac
158 1096 244 1166 lege,
274 1100 308 1145 ut
339 1093 363 1144 ri
398 1094 507 1165 aliquid
534 1093 594 1147 aine
630 1110 714 1146 centu
745 1093 889 1159 venierit,
924 1103 954 1148 et

73 1188 137 1253 post
154 1181 190 1235 ab
207 1182 305 1251 aliquo
327 1178 528 1246 deferreturll,
552 1180 680 1234 venditor
705 1181 816 1253 quidem
844 1197 954 1252 pomer·

76 1273 192 1334 aionem,
217 1275 381 1338 conparatur
402 1269 514 1324 veroid
537 1269 611 1339 quod
635 1267 712 1322 dedit
731 1270 861 1338 pretium,
887 1271 953 1324 fitco

75 1355 234 1412 vindicante
252 1355 424 1426 deperdat⁴⁵.
463 1354 492 1408 id
513 1356 596 1407 etiam
615 1356 741 1408 volumur
762 1356 891 1408 omnibur
909 1357 953 1408 in·

75 1445 167 1498 timeri
186 1449 298 1497 nostrae
323 1441 486 1496 elementiae
506 1442 673 1510 placuiare⁴⁶
690 1443 831 1495 neminem
849 1441 952 1496 debere

73 1533 108 1585 ad
126 1530 318 1583 venditionem
341 1531 382 1581 rei
408 1527 558 1580 cniuaiibet
575 1529 715 1582 adfectare
732 1531 794 1583 etii
823 1529 953 1582 accedere

75 1621 130 1673 nisi
152 1634 185 1670 eo
206 1626 345 1686 tempore,
364 1631 419 1686 quo
432 1615 457 1651 ⁴⁰
474 1615 547 1668 inter
565 1615 738 1669 venditorem
755 1623 784 1668 et
801 1623 953 1687 emptorem

76 1711 233 1758 contractor
255 1701 425 1755 sollemniter
444 1702 606 1772 explicatur,
624 1709 698 1756 certa
717 1710 746 1756 et
761 1719 826 1759 rere
844 1705 954 1773 propri-

76 1803 134 1846 etas
157 1790 257 1842 ricinia
277 1787 500 1858 praesentiburi⁹
516 1789 733 1858 demonstretur3
753 1806 841 1862 usquo
858 1805 891 1844 eo
910 1791 954 1841 le-

77 1881 117 1948 gia
142 1878 223 1930 iatiur
249 1877 377 1928 cautione
411 1883 539 1929 currente
557 1879 595 1939 ⁵⁰,
623 1883 656 1928 ut
681 1877 789 1930 etiamri
821 1877 954 1930 rubaeliia

75 1965 137 2028 rel,
161 1972 192 2015 ut
207 1963 287 2032 vulgo
307 1963 402 2026 aiunt,
432 1978 542 2015 acarnna
569 1961 742 2028 vendantur,
767 1963 955 2017 ostendendae

74 2050 254 2121 proprietatis
272 2047 414 2119 probatio'
433 2050 597 2121 conpleatur
613 2054 642 2100 ⁵¹.
684 2051 756 2102 Hinc
774 2052 877 2104 etenim
896 2052 957 2106 iur-

73 2139 118 2208 gia
133 2138 218 2190 multa
236 2145 393 2202 naseuntur,
426 2137 491 2190 hino
505 2137 683 2208 proprietatis
696 2138 757 2190 iura
775 2145 956 2200 temerantur,

70 2225 141 2276 hinc
164 2223 289 2278 dominiis
325 2225 518 2277 vetustissimis
542 2225 668 2278 molestia
687 2234 868 2295 conparetur,
895 2243 956 2278 cum

71 2313 206 2366 caecitate
220 2327 412 2381 praepropera,
440 2319 468 2364 et
486 2314 526 2362 rei
544 2311 726 2383 inquisitione
741 2313 874 2381 neglecta,
893 2314 956 2366 luce

77 2400 204 2454 veritatis
223 2400 330 2460 omissa,
349 2395 603 2470 nec'perpetuitatc
624 2403 742 2467 cogitata
764 2399 890 2462 dominii,
909 2402 957 2451 iu-

72 2491 112 2540 ris
131 2487 238 2540 ratione
257 2487 424 2557 postposita,
452 2487 487 2541 ed
506 2486 547 2540 rei
566 2488 793 2557 conparationem
813 2487 957 2548 accedunt,

77 2639 123 2704 38)
144 2637 173 2687 V.
194 2638 342 2708 argutitaa.
414 2639 458 2711 39)
481 2639 521 2690 lta
540 2640 604 2691 Mai.
624 2657 700 2710 prop.
713 2640 785 2692 -V.
805 2657 853 2694 aex
872 2638 954 2692 ludr'a.

77 2709 124 2778 4ο)
150 2709 241 2761 Priora
260 2709 289 2764 L.
309 2726 332 2762 n.
351 2707 405 2758 Th.
417 2709 444 2758 G.
466 2711 510 2760 cit.
533 2709 626 2774 rerba,
647 2725 717 2780 quae
739 2718 766 2762 et
786 2711 955 2762 lastinianus

80 2779 146 2846 Legi
175 2797 199 2831 n.
230 2778 257 2829 C.
287 2778 307 2830 1.
338 2781 398 2829 aine
424 2795 505 2830 censu
529 2781 573 2832 rel
599 2781 648 2836 rel.
678 2780 754 2833 fund.
782 2796 869 2849 comp.
896 2797 954 2833 non

77 2863 160 2918 porse
185 2849 224 2917 (4,
243 2848 257 2914 4
278 2849 296 2920 .)
324 2848 353 2900 in
381 2849 434 2900 line
460 2849 571 2908 adiecit,
670 2852 716 2918 dr)
742 2849 797 2912 Th,
826 2852 853 2902 C.
886 2869 954 2904 cen-

75 2936 138 2971 sum
156 2921 200 2973 rel
218 2930 396 2990 comparatae
417 2931 575 2990 cognoscat.
670 2924 714 2990 dr)
734 2919 786 2978 Th.
808 2921 835 2972 C.
857 2921 954 2974 inserit

75 2990 134 3044 vel.
204 3012 208 3020 ·
242 2990 288 3059 43)
316 2987 496 3053 1taTh‚c.;
525 2991 555 3039 V.
581 2991 719 3062 publicae.
755 2991 819 3042 Mai.
834 2991 955 3061 publice.

80 3059 127 3128 44)
147 3055 201 3110 Th.
217 3057 247 3116 C.
260 3072 287 3113 et
304 3058 336 3112 id
353 3059 387 3110 ab
409 3059 507 3132 aliquo
526 3058 676 3134 deseretur.
711 3061 757 3130 45)
777 3059 828 3112 Th.
849 3061 876 3113 C.
893 3079 958 3134 per-

77 3127 137 3182 dar,
211 3129 257 3199 46)
276 3127 327 3181 Th.
356 3127 384 3180 C.
405 3126 437 3180 id
455 3129 538 3185 etiam
554 3131 671 3202 placuit.
751 3131 797 3200 47)
816 3128 960 3200 odfemcme

79 3212 106 3252 ct
125 3197 181 3250 Th.
203 3197 231 3250 C.
251 3216 307 3252 non
334 3197 420 3250 habet
538 3203 653 3272 48)-Ιῑει
673 3199 726 3255 Th.
746 3202 793 3261 C.‚
812 3199 842 3252 V.
867 3222 957 3276 quom

78 3269 128 3339 49)
146 3267 198 3321 Th.
219 3267 247 3318 C.
268 3288 286 3322 a
306 3269 419 3324 vicinis.
494 3272 539 3342 50)
559 3271 610 3325 Th.
632 3273 662 3328 C.
683 3269 854 3328 decurrente.
910 3276 956 3343 δι)

78 3337 120 3390 lta
153 3339 208 3395 Th.
237 3339 284 3405 C.;
308 3339 343 3391 V.
372 3339 519 3410 conpletur
555 3349 583 3392 et
617 3357 681 3393 mox
704 3357 847 3410 perperam
874 3339 956 3396 hunc.

80 3407 232 3480 Sequentia
254 3411 284 3462 in
305 3411 358 3462 Th.
381 3408 411 3463 C.
431 3413 460 3462 in
485 3411 556 3462 hanc
577 3413 689 3478 sormam
715 3419 853 3464 contracta
878 3421 956 3468 aunt:

80 3479 136 3532 Nec
149 3480 226 3532 inter
235 3493 382 3552 emptorem
393 3491 419 3532 et
431 3479 603 3535 vereditorem
617 3483 761 3536 sollemnia
772 3485 802 3534 in
811 3468 958 3553 erquieitr'r

79 3551 219 3605 curriculis
238 3551 429 3616 celebrentur,
456 3551 506 3607 sed
515 3551 705 3626 fraudulenta
731 3549 858 3607 venditio
876 3553 957 3622 peni·
