2286 4140
371 414 419 470 er
437 405 612 492 venemo..
911 413 931 470 a

59 571 130 642 Μ.
168 561 293 617 Creditur
315 555 474 608 odebitore
490 553 588 623 pignus
607 555 680 606 recto
700 551 784 617 emit,
811 553 869 604 sire
901 555 931 606 in

59 649 176 708 exordio
196 654 349 704 contractas
368 644 405 694 ita
424 641 566 703 convenit,
592 641 649 692 aire
670 645 775 709 postea.
811 639 869 692 Nec
887 639 931 692 in·

58 741 131 796 certi
149 737 232 810 pretii
250 713 374 787 venditio
394 726 553 790 ridebitur,
582 727 803 790 siccavemnt,
829 733 861 778 ut
878 741 931 794 pe-

60 827 145 882 cunia
170 822 293 876 faenoria
313 833 371 870 non
397 815 487 868 soluta
504 812 623 866 creditor
645 813 706 866 iure
734 813 819 884 empti
841 811 932 866 ‹lomi-

59 915 141 967 nium
163 909 300 968 retineat,
326 919 388 956 enm
406 899 486 954 sortis
504 908 533 954 et
557 915 702 952 usurarum
730 901 869 972 quantitas
895 898 930 951 acl

61 1003 139 1054 diem
164 992 312 1049 solvendae
329 989 463 1060 pecuniae
480 989 672 1056 praestitutam
693 995 766 1040 certa
785 989 827 1038 sit
844 986 851 1057 Ι

61 1088 86 1158 §.
108 1102 147 1138 ιο.
185 1081 313 1150 Iniquom
332 1077 496 1128 sententiam
511 1075 614 1127 evictae
634 1073 676 1126 rei
695 1073 846 1142 periculum
865 1089 931 1126 ven·
950 1062 993 1124 00.
1006 1078 1031 1119 ³·

61 1172 163 1226 clitoris
180 1184 239 1222 non
258 1169 380 1234 spectare
397 1163 514 1231 placuit,
540 1177 633 1232 neque
653 1161 862 1232 stipulationem
880 1177 933 1213 au-

64 1256 201 1312 ctoritatis
219 1251 397 1306 committere.

66 1347 88 1418 §.
104 1361 152 1398 11.
192 1338 327 1392 Convenit
337 1337 359 1372 ¹⁴
375 1335 409 1388 ad
428 1334 499 1388 diem
515 1335 605 1404 pretio
617 1351 674 1388 non
686 1334 777 1387 soluto
793 1334 933 1388 venditori

65 1433 185 1484 alterum
202 1432 307 1478 tantnrn
321 1424 461 1494 praestari.
487 1421 562 1494 quocl
579 1437 721 1475 usurarum
737 1423 932 1474 centensimam

63 1517 190 1578 excedit,
217 1513 247 1562 iu
272 1508 397 1562 fraudem
426 1507 494 1558 inrie
520 1507 629 1579 videtur
648 1508 782 1561 additum.
820 1509 933 1562 Diveraa

65 1619 146 1657 cansa
173 1580 215 1652 ea‘t
231 1595 434 1659 commissoriae
457 1595 541 1662 legis,
563 1611 623 1648 cum
651 1596 680 1646 in
704 1601 736 1646 e'a
760 1595 852 1665 speeie
876 1609 933 1648 non
1002 1582 1009 1592 ’

64 1693 163 1746 faenus
189 1686 327 1736 inlicitum
355 1689 530 1746 exerceatur,
556 1683 606 1736 sed
632 1683 678 1734 lex
703 1688 858 1735 contractus
877 1696 934 1733 non

63 1773 250 1846 improbabilia
259 1773 280 1805 ¹⁵
301 1769 416 1824 dicatur.

65 1865 87 1936 ᾗ.
112 1881 149 1915 11.
186 1861 256 1912 Ante
272 1857 293 1892 ²⁶
324 1855 445 1925 pretinm
478 1854 597 1908 solatum
626 1854 743 1908 dominii
770 1855 934 1928 quaestione

64 1955 142 2002 mota
162 1944 283 2013 pretium
302 1947 408 2010 emptor
424 1943 571 1994 restituere
589 1959 646 1995 non
666 1950 792 2012 cogetur,
824 1943 934 1994 tametsi

65 2034 182 2088 maximi
198 2026 533 2082 fideiussoreacrietionis
551 2031 707 2092 offerantur,
725 2043 786 2080 curn
807 2029 935 2098 ignorant

66 2119 209 2189 possidere
232 2114 364 2184 coeperit.
406 2129 473 2174 naua¹
492 2115 623 2183 usucapio
642 2115 742 2168 frustra
759 2115 936 2186 conplebitur

67 2204 220 2273 anticipata
230 2203 293 2266 lite3
315 2215 366 2254 nec
384 2209 495 2269 oportet
510 2202 654 2256 evictionis
665 2203 838 2258 securitatem
854 2219 935 2274 prae-

66 2292 145 2353 atari,
166 2305 226 2341 cunr
243 2289 272 2340 in
292 2289 353 2359 ipao
372 2293 528 2340 contractus
545 2287 641 2341 limine
659 2288 810 2343 dominii¹⁷
827 2291 935 2361 pericn-

65 2381 125 2431 lum
146 2376 292 2435 immineat.

68 2466 89 2535 §.
117 2469 156 2522 13.
190 2461 327 2519 venditor
354 2461 378 2496 *Β
407 2458 505 2531 siper
529 2461 720 2516 conlationem
745 2465 937 2536 imaginarium

367 2631 639 2646 m

72 2748 118 2818 ii)
139 2747 282 2815 Papiniani
299 2743 383 2799 rerba
402 2760 437 2796 ex
454 2743 502 2796 lib.
514 2745 561 2799 ΙΙΙ.
575 2747 784 2816 Βεεροηεοωω,
806 2749 835 2800 in
857 2749 885 2803 t.
898 2751 937 2804 13.
976 2763 978 2768 '

67 2818 92 2889 §.
111 2819 153 2870 26.
173 2819 205 2868 D.
224 2817 258 2870 de
278 2823 328 2868 act.
349 2817 435 2882 empti
454 2831 487 2866 ex
507 2817 624 2883 Ulpiano
646 2821 738 2869 relata,
814 2820 856 2888 15)
878 2821 938 2890 Dig.

69 2907 131 2943 cum
151 2903 185 2940 ea
203 2888 293 2960 specie
304 2901 353 2941 '..·
373 2883 560 2938 contrahatur
635 2889 794 2949 contractui
812 2907 869 2941 non
887 2891 939 2942 ina·

66 2959 197 3029 probata.
273 2958 315 3024 16)
334 2957 373 3008 Ex
395 2957 456 3023 Pap.
477 2953 527 3013 lib.
548 2957 593 3007 Ill.
606 2957 683 3026 Resp.
702 2959 731 3010 in
752 2958 781 3008 L.
804 2959 843 3010 18.
866 2961 888 3024 §.
912 2977 935 3014 1,

71 3029 105 3084 [l.
124 3025 159 3078 de
179 3028 260 3094 peric.
278 3034 306 3078 et
326 3043 420 3076 comm.
438 3024 478 3074 ita
497 3035 617 3078 mutata:
637 3031 707 3081 Ante
725 3028 845 3098 pretinm
863 3029 907 3082 aol
927 3060 940 3070 -

70 3109 127 3149 tum
148 3094 268 3149 dominii
284 3098 448 3170 quaestione
465 3109 556 3158 mota,
574 3100 692 3168 pretinm
711 3109 815 3166 emptor
833 3097 940 3152 solvere

70 3184 130 3218 non
147 3179 272 3236 cogetur,
288 3169 350 3218 'nisi
362 3164 548 3236 fideiussores
567 3167 663 3220 idonei
680 3185 697 3220 a
716 3167 863 3221 venditore
881 3169 941 3222 eins

71 3237 219 3289 evictionis
236 3235 398 3312 offerantur.
478 3239 519 3306 17)
543 3239 588 3288 Ex.
610 3237 675 3293 Mai.
694 3239 764 3290 coni.
786 3265 818 3278 -
837 3237 869 3289 V.
887 3237 941 3291 do-

70 3306 149 3359 mini.
226 3308 268 3376 18)
288 3307 330 3358 Cf.
349 3307 476 3372 Hermog.
498 3307 547 3357 lib.
566 3309 614 3358 ill.
637 3309 774 3378 iuriipit
800 3309 829 3362 in
848 3307 878 3366 t.
897 3310 941 3378 49.

70 3375 107 3426 Ι).Δ
124 3375 160 3426 de
179 3381 231 3432 act.
253 3377 349 3442 empti.
387 3377 442 3442 Qui
463 3391 515 3445 per
538 3379 716 3430 collusionem
742 3381 942 3450 imaginarium

71 3446 202 3498 colonum
231 3444 468 3498 circumveniendi
501 3447 629 3514 emptoria
653 3452 749 3518 gratia
765 3451 940 3520 'supposor's,

71 3531 105 3569 en
132 3525 358 3587 emptottenetnr.
402 3518 462 3569 Nec
485 3514 664 3585 deflenditnr,
683 3520 727 3582 oi,
753 3538 808 3592 quo
818 3519 941 3590 facilius
