2286 4140
147 337 208 388 rut
461 334 652 416 Puffirsruo.

144 472 264 533 ciminis
285 493 375 534 causa
400 473 522 555 depingi
542 475 737 548 curavimus,
761 470 875 534 habent
895 468 1020 556 a'qua·
1128 480 1132 491 '

142 584 286 689 draginta
319 603 417 666 tribus
454 625 550 686 usque
582 604 620 664 ad
651 605 874 688 quinquaginta
903 627 1014 668 unam.

140 741 330 803 Litterarum
351 737 471 816 forma,
494 737 562 799 Gaii
574 737 763 799 Veronensis
783 738 953 822 scripturae
967 723 1017 801 si·

139 871 244 946 milis,
266 883 298 933 et
319 868 465 955 siglarum
477 869 659 954 frequentia,
684 891 816 952 quarum
829 875 1017 956 praecipuae

103 1025 106 1031 ·
137 1005 168 1064 in
185 1003 411 1086 specimiaeillo
422 1003 575 1064 exhibitae
583 1013 664 1082 sunt,
679 1005 820 1087 quintum
831 1003 880 1067 vel
890 1017 1015 1070 sextum

76 1215 91 1230 A
135 1136 291 1198 saeculum
309 1135 458 1204 redolent.
479 1136 643 1200 Praeterea
664 1136 856 1199 credendum
871 1159 937 1200 non
958 1149 1011 1202 est

134 1281 204 1354 post
225 1269 385 1332 Iustiniani
405 1278 546 1352 tempora
566 1268 713 1332 librarios
735 1271 769 1332 in
790 1272 869 1334 iuris
886 1273 1012 1356 'antiqui

135 1397 272 1485 reliquiis
292 1400 497 1464 describendis
519 1423 646 1484 operam
658 1425 743 1464 suam
754 1407 984 1488 consumpsisse.

134 1541 154 1585 t..
217 1534 302 1596 Haec
321 1534 471 1597 sufficiant
492 1535 531 1598 de
549 1534 652 1597 codice
665 1539 889 1620 manuscripto,
911 1557 1009 1622 quem

133 1671 165 1730 in
192 1669 387 1732 annotatione
418 1679 523 1732 nostra
551 1668 653 1730 littera
682 1669 724 1737 V.
745 1669 925 1756 (Votieno.)
948 1669 1005 1752 do·

133 1804 253 1885 signare
272 1803 408 1886 placuit3
431 1823 513 1864 nune
538 1801 695 1864 videamus
717 1802 871 1886 quomodo
899 1804 925 1864 is
950 1823 1006 1885 pu·

131 1933 203 1996 blici
225 1935 302 1998 iuris
321 1936 419 2000 factus
440 1939 491 1999 sit.
534 1937 625 2015 Quod
647 1937 767 2018 quidem
799 1955 871 2018 prae
896 1917 1008 2016 ceteris

130 2066 250 2151 Angelo
269 2068 352 2130 Maio
374 2067 537 2144 debemus,
557 2070 611 2149 qui
623 2088 680 2149 pro
697 2088 751 2128 sua
774 2066 806 2127 iu
821 2065 1002 2150 indagandis

128 2201 328 2283 palimpsestis
350 2199 500 2261 industria
528 2197 664 2261 codicem
685 2197 733 2259 bis
758 2198 906 2282 scriptum
935 2220 1000 2262 esse

127 2335 244 2416 primus
261 2315 496 2412 animadvertit}
517 2343 549 2394 et
566 2334 648 2394 acuti
673 2334 773 2410 visus,
795 2354 857 2416 quo
874 2344 1003 2416 naturae

126 2463 209 2527 dono
239 2463 369 2547 gaudet,
401 2464 512 2526 auxilio
542 2465 726 2550 scripturam
755 2465 886 2530 deletam
910 2477 1002 2550 atque

50 2643 58 2656 ,
124 2596 330 2662 recentiorum
341 2595 514 2659 litterarum
533 2598 639 2682 figuris
660 2599 805 2660 obrutam
830 2599 1001 2682 explicavit.

125 2731 185 2794 Sed
204 2750 276 2794 cum
299 2728 351 2792 vir
375 2728 482 2792 doctus
499 2749 517 2791 a
536 2731 611 2792 iuria
633 2731 757 2794 seientia
779 2730 894 2794 alienus
911 2743 999 2810 esset,

123 2863 296 2928 felicissime
324 2863 445 2938 evenit,
465 2861 648 2932 utBlnmius
664 2875 768 2926 noster
788 2877 863 2926 tunc
884 2866 999 2930 Romae

122 3003 320 3069 moraretur,
349 2995 437 3054 euius
458 2992 595 3055 doctrina
617 3016 652 3056 ac
668 2997 833 3078 sagacitate
848 2995 881 3057 in
896 2995 998 3079 legen-

122 3127 178 3212 disj
194 3138 225 3190 et
244 3125 442 3189 restituendis
463 3125 511 3188 his
539 3125 714 3209 fragmentis
743 3147 937 3209 summopere
966 3149 999 3188 se

125 3261 264 3326 adiutum
279 3259 373 3322 fuisse
387 3261 451 3343 ipse
467 3261 567 3320 Maius
580 3269 702 3332 testatus
720 3259 796 3326 θεῖ’.
818 3254 996 3320 Doleudum

420 3364 699 3381 m

161 3415 249 3491 tici.
270 3414 357 3490 praei.
380 3414 423 3474 ed.
442 3413 517 3468 Rom.
537 3429 562 3482 p.
581 3413 691 3467 Xthll.
