2286 4140
211 403 249 460 Μ
490 406 537 460 DE
558 405 777 464 usuuuucw,

210 537 285 593 unde
301 540 369 611 palo
387 537 420 592 ia
436 538 575 608 fisndm,
601 544 683 596 cutus
706 539 884 612 ususfructus
902 541 1031 615 tegatur
1051 563 1108 611 est,

210 626 316 682 solebat
330 625 539 697 paterfamilias
557 629 616 691 uti,
645 629 694 683 νεὶ
717 629 824 689 salice,
854 628 904 681 vel
922 631 1107 686 armrdr'nc:

113 725 158 797 9⁸·
169 738 207 777 ῃ,
216 725 285 784 puto
301 717 307 777 Ι
321 712 532 764 ἰιιιοιιιειινῑιιιιιθ8
548 713 681 766 hacteuus
698 716 742 766 utr'
756 729 854 783 passe,
870 730 907 766 ιιι
928 731 966 766 ex
984 735 1023 772 eo
1035 735 1107 770 ven-

208 796 258 852 dat
268 817 278 864 ,⁴
296 799 354 850 uisi
360 798 440 869 sorte
458 801 555 854 salicti
577 801 618 862 ei,
634 799 683 852 vet
700 800 789 852 sileae
799 799 924 869 palaris,
943 801 997 854 vel
1010 817 1105 854 anru-

206 884 298 936 ‹liueti
317 886 486 936 ususfructus
503 887 541 938 sit
563 887 689 956 legatus:
714 897 783 938 tuna
810 885 884 936 enim
909 897 941 938 et
968 887 1103 940 vendere

207 984 302 1043 potest.
345 989 409 1024 nam
436 983 462 1022 et
495 971 644 1024 Trebatius
675 971 774 1023 scribit
816 969 915 1024 silvam
949 972 1100 1024 eaeduaur

208 1074 287 1129 posse
297 1056 494 1130 fructuarium
511 1056 651 1120 caedere,
669 1058 742 1110 sicut
753 1057 964 1128 pateryamils'as
986 1060 1100 1113 caede-

208 1145 264 1198 bat.
302 1143 388 1206 Item,
407 1150 437 1197 ut
454 1143 649 1196 arundinetum
687 1176 870 1192 .....
896 1140 1015 1206 alebar,
1033 1163 1098 1196 nun

209 1235 286 1300 puto.
323 1227 488 1282 Prohibetur
523 1266 531 1280 .
567 1267 574 1279 .
610 1265 617 1280 .
652 1229 721 1283 licet
734 1227 945 1298 paterfamilias
960 1228 1099 1282 vendere

210 1330 267 1368 uon
296 1313 420 1377 solebat,
448 1313 496 1367 sed
514 1319 574 1384 ipse
599 1315 659 1368 uti:
686 1312 850 1368 admodum
867 1316 941 1367 euim
960 1313 1100 1386 reseren-

209 1399 274 1458 dum
292 1413 350 1465 est,
368 1420 426 1456 narr
444 1398 483 1454 ad
501 1402 666 1474 qualitatum
685 1399 792 1460 utendi,
822 1399 934 1468 Cassius
952 1409 1054 1454 autem
1090 1441 1099 1454 .

184 1521 398 1544 ......
421 1479 442 1540 '.
480 1528 488 1544 .
526 1525 534 1543 .
567 1529 576 1548 ,
611 1525 618 1539 .
661 1485 827 1541 Seminari⁶⁹
853 1501 966 1556 quoque
993 1504 1099 1540 usum·

211 1575 331 1628 fructum
354 1575 392 1627 ita
422 1593 441 1647 q
476 1611 485 1631 .
520 1610 527 1625 .
565 1611 572 1628 .
608 1571 774 1628 conserendi
792 1579 901 1626 tautum
920 1572 979 1641 agri
1000 1589 1093 1626 causa

210 1659 286 1714 factu
305 1672 369 1713 sunt
406 1695 945 1722 .............
969 1660 1094 1716 arbor-es

211 1746 367 1800 demortuus
385 1747 420 1798 ad
436 1746 620 1801 fructuarium
635 1747 779 1818 pertinere
806 1783 1040 1804 ······
1087 1787 1093 1796 -

210 1839 374 1902 ceteraeque
392 1833 523 1886 materiae
540 1867 1088 1892 .............

211 1925 340 1974 secuntur
363 1920 499 1992 numquid
544 1959 550 1972 .
588 1959 593 1971 .
630 1961 638 1981 .
673 1953 857 1974 .....
900 1915 940 1972 ad
955 1923 1090 1989 propria·

211 2009 310 2060 tatium
330 2015 437 2076 spectet
461 2016 492 2060 ut
501 2041 1034 2065 .............
1080 2045 1086 2058 .

213 2091 361 2144 't'rubutius
382 2095 683 2166 autemsimpliciter·
718 2130 727 2152 .
765 2132 771 2144 ·
810 2131 815 2144 »
851 2125 859 2145 ·
897 2133 902 2142 ·
940 2129 946 2142 ·
981 2131 990 2150 ·
1026 2129 1036 2146 ·
1079 2132 1085 2144 ·

212 2194 271 2230 usse
290 2193 335 2230 eus
354 2178 499 2232 fructuarii
544 2213 1082 2236 .............

211 2263 390 2316 fructuarium
408 2263 470 2316 adm
503 2296 1083 2326 ..............

211 2349 231 2418 ς.
252 2365 293 2418 71.
314 2349 381 2404 uem
396 2350 443 2403 Eu
458 2352 535 2406 silva
553 2352 661 2408 caedua
681 2369 768 2424 usque
779 2357 802 2390 ⁷⁰
819 2353 854 2406 ad
872 2368 951 2404 uuum
963 2369 1044 2403 suum
1056 2365 1084 2402 ee

505 2461 782 2478 Μ

211 2509 289 2562 iussu
315 2511 464 2565 Praetoris.
572 2515 618 2580 68)
649 2515 695 2566 Est
721 2517 783 2586 ¹¹·9·
795 2515 815 2586 §
825 2533 850 2584 7.
876 2514 910 2565 D.
928 2515 962 2568 de
990 2515 1075 2566 usuir.

211 2595 243 2629 ux
266 2580 323 2648 Uip.
346 2583 394 2633 tib.
421 2582 501 2633 xvii.
526 2582 562 2634 ud
588 2584 740 2646 Sabinum,
766 2588 843 2637 cuius
869 2601 922 2656 ope
946 2585 1013 2636 Mai.
1040 2587 1082 2636 lo·

212 2664 272 2702 cum
292 2657 414 2703 nostrum
434 2653 563 2706 restituit.
651 2655 697 2726 69)
730 2655 836 2708 Similis
856 2655 886 2708 iu
916 2654 971 2725 §.u
993 2655 1079 2707 eiiud.

210 2717 240 2771 L.
266 2719 450 2774 inveniuntur.
503 2724 655 2776 Seminarir'
685 2738 775 2778 autem
790 2726 919 2797 fructum
940 2737 1010 2794 puta
1043 2723 1082 2776 ad

201 2785 396 2860 fructuarium
413 2793 569 2863 pertinere:
600 2795 642 2844 ita
659 2805 752 2848 tamea
773 2809 803 2848 ut
821 2807 848 2850 et
865 2794 989 2850 vendere
1007 2797 1036 2850 ei
1053 2805 1080 2848 st

209 2859 346 2912 serniuaru
375 2861 468 2915 liceat.
504 2863 590 2914 Debet
607 2877 701 2919 tamen
719 2865 885 2924 conserendi
901 2867 966 2935 agri
992 2883 1079 2921 causa

209 2929 387 2984 seminarium
404 2945 534 3002 paratum
551 2950 656 3004 semper·
678 2952 819 2989 renouare
829 2969 839 2997 ‚
867 2938 953 3006 quasi
970 2935 1079 2988 instru-

209 3011 327 3054 mentum
349 3002 425 3070 agri:
454 3013 484 3054 ut
516 3004 587 3056 uu'to
605 3005 752 3068 usufructu
773 3002 885 3058 domiuo
904 3007 1079 3058 restituatur-

211 3069 258 3138 7⁰)
275 3067 367 3120 Verba
393 3071 450 3138 Uip.
473 3072 491 3122 ti
514 3073 620 3129 ,xvu
639 3074 673 3124 ad
694 3075 755 3126 Sub.
775 3075 804 3126 iu
832 3073 1020 3145 L.1a.pr.1).
1044 3073 1078 3124 de

210 3135 612 3206 usufr.exquult1ui.locum
631 3153 754 3198 nostrum
789 3144 920 3196 restituit.
959 3147 990 3196 tu
1019 3144 1078 3209 θὶς.

211 3213 267 3259 est:
303 3207 452 3263 Arboribus
470 3212 571 3264 evulsis
595 3215 642 3267 vet
667 3216 701 3268 vi
725 3226 871 3268 ventorum
896 3211 1011 3268 deiectis
1030 3231 1077 3266 us·

230 3291 263 3329 us
283 3273 323 3326 ad
343 3294 421 3330 usum
443 3297 520 3333 suum
546 3294 573 3334 et
600 3283 691 3338 villae
719 3300 799 3354 passe
837 3283 1078 3354 wssfmctuarium

204 3293 303 3419 jem,
339 3345 431 3400 Labeo
449 3351 505 3402 aits
532 3367 582 3404 nac
607 3354 728 3408 materia
758 3370 819 3406 eum
842 3373 894 3424 pra
914 3355 993 3424 ligno
1013 3371 1080 3406 usu·

210 3433 283 3478 rum,
303 3415 328 3468 εἰ
346 3415 470 3484 tratum,
497 3419 569 3476 uude
589 3435 688 3476 utatur·
711 3424 799 3507 liuns.
838 3425 923 3489 Quam
943 3425 1080 3477 senteuti-

210 3505 255 3546 am
270 3497 337 3562 puta
358 3501 470 3544 uerum:
500 3492 631 3564 atioquiu
662 3505 689 3550 et
716 3511 739 3546 ss
766 3503 843 3550 tatus
860 3510 930 3566 ager
946 3494 984 3546 sit
1002 3490 1079 3546 tunc
