2312 4126
231 411 253 460 1(
551 403 743 463 Psffirt‘rto.

232 544 374 606 schenius
399 563 518 605 summo
543 553 718 606 nostrarum
750 543 924 606 litterarum
957 544 1050 606 bono
1082 547 1112 604 in

234 681 311 738 Gaio
338 674 460 738 edendo
485 675 639 754 adhibuit.
694 675 796 754 Nam,
826 677 942 740 utalia
972 689 1112 750 taceam,

235 808 400 891 siglarum,
436 827 514 890 quae
536 809 651 870 multoe
671 815 743 870 sunt
764 808 796 869 in
818 807 937 883 codiee,
967 809 1040 869 suis
1071 807 1115 868 io-

235 944 277 1002 cis
309 941 371 1004 fere
398 941 514 1004 nullam
532 943 718 1004 mentionem
736 940 813 1003 iecit.
855 940 919 1000 Sub
939 939 1025 1000 idem
1050 941 1117 1000 fere
1148 1017 1149 1030 χ

236 1085 375 1155 tenipus,
397 1093 460 1155 quo
473 1073 677 1136 Romaetiher
690 1071 842 1150 ederetur,
862 1069 988 1134 Parisiis
1008 1074 1119 1145 etiam,
1148 1069 1149 1156 i

237 1203 365 1266 veniae
387 1205 471 1267 Maio
491 1223 553 1266 non
577 1206 642 1267 sine
661 1206 760 1288 pretio
775 1207 956 1288 impetrate,
986 1223 1118 1266 recusus
1148 1185 1149 1253 ἶ

236 1351 281 1400 est
297 1340 331 1417 ⁷3
361 1341 495 1419 itemque
518 1335 684 1400 Beroiini⁸
704 1336 823 1399 Sevinii
851 1337 980 1398 maxime
1005 1336 1119 1397 horta·

238 1483 271 1534 tu
283 1495 292 1553 3
311 1473 397 1533 cuius
417 1472 508 1534 etiam
534 1467 659 1531 illustris
694 1469 752 1532 viri
784 1471 963 1531 auctoritate
992 1468 1119 1530 fectum
1148 1474 1149 1548 i

231 1614 302 1681 est,
334 1613 370 1666 ut
394 1623 428 1665 ex
454 1604 614 1666 Germanis
650 1599 873 1664 iurisconsultis
902 1609 934 1663 et
961 1597 1057 1661 multi
1090 1609 1119 1659 et

213 1781 216 1786 -
236 1739 358 1798 maximi
375 1734 603 1818 emendationes
620 1744 713 1817 atque
731 1734 942 1818 supplements
955 1729 1028 1816 ipsi
1057 1732 1118 1794 mi.

237 1869 353 1946 serint,
376 1867 489 1952 quibus
515 1887 596 1928 nove
622 1866 715 1929 editio
742 1865 915 1950 castigatius
936 1875 967 1928 et
992 1864 1118 1948 plenius

238 2009 413 2080 pararetur.
458 2002 544 2078 Quae
558 2020 633 2061 curs
657 2020 688 2062 v.
705 1997 887 2061 eltKlenzio
901 1997 1117 2061 mandataest.
1148 2019 1149 2040 ³

240 2133 294 2194 sed
306 2141 469 2214 antequam
480 2151 556 2212 opus
573 2131 680 2213 perfici
696 2134 800 2213 potuit
810 2175 819 2210 ‚
840 2130 1063 2192 Buohholtzius
1083 2130 1118 2190 ii·

240 2264 333 2326 brum
345 2283 439 2326 ersua
449 2264 541 2346 ipsius
553 2273 583 2326 et
593 2262 724 2324 aliorum
739 2263 1052 2327 doctorum'virorum
1067 2280 1118 2343 pe·
1148 2245 1149 2254 ἵ

280 2579 308 2650 7)
328 2577 385 2629 Sub
404 2577 467 2629 tit:
499 2576 637 2630 Vaticano
659 2575 732 2630 iuris
751 2577 870 2629 nomam*
879 2572 1048 2647 fragmenta
1066 2579 1117 2632 Bo·

244 2681 305 2718 mao
325 2680 415 2733 nuper
436 2662 470 2713 ab
490 2662 595 2731 Angeia
613 2663 693 2714 Moto
715 2659 823 2714 detecte
840 2675 867 2714 et
885 2661 976 2728 edita,
998 2662 1120 2718 Gallicis

245 2751 318 2822 typis
336 2746 540 2802 mandaverunt
557 2745 769 2816 Euhemeridum
797 2747 869 2822 ottae
893 2747 1034 2804 stemidis
1065 2762 1117 2801 no-

246 2839 319 2890 mine
335 2834 521 2906 publicantur
535 2832 665 2888 editores.
681 2835 772 2888 Parit.
789 2835 936 2890 Decembre
957 2837 1033 2890 1823.
1062 2836 1117 2888 De·

247 2922 403 2976 siderentur
421 2927 527 2972 ceterae
547 2919 614 2973 iuris
634 2921 789 2990 reliquiae,
810 2922 875 2975 item
898 2921 992 2974 tabule
1006 2922 1064 2974 aeri
1077 2920 1116 2968 in·

248 3009 302 3060 risa
320 3015 349 3058 et
366 3007 563 3059 additamenta.

283 3111 311 3178 8)
328 3109 383 3161 Tit.
406 3111 478 3162 Iuris
496 3108 617 3161 Romani
635 3108 870 3164 anteiustirtiauei
884 3113 1049 3181 fragmenta
1062 3110 1116 3161 Va-

252 3199 350 3250 ticana
369 3211 383 3246 e
402 3191 496 3246 codice
513 3197 690 3265 palimpsesto
709 3198 782 3248 eruic
798 3197 918 3267 Angelus
930 3199 1032 3249 Maius.
1051 3196 1116 3248 Pro·

249 3293 325 3336 stant
342 3281 442 3334 Romae
461 3293 488 3334 et
504 3283 640 3335 Berolini.
664 3283 737 3350 1824.
780 3281 960 3335 Desideratur
980 3295 1117 3334 commen·

250 3370 337 3420 terius
355 3366 481 3435 praevius
495 3368 623 3421 notitiam
634 3368 737 3420 codicis
756 3385 835 3420 mauu
850 3367 943 3436 scripti
964 3370 1116 3424 continent,

252 3463 279 3504 et
296 3454 390 3506 tabula
414 3453 469 3504 aeri
490 3456 584 3508 incita.
