2286 4140
401 437 449 492 ET
469 441 631 496 notitiis.
921 445 960 508 di

83 569 164 640 ἐπες.
188 571 261 624 Iulio
280 573 311 624 In
330 611 336 624 .
357 613 363 624 .
381 587 435 630 tam
450 582 472 614 55
499 581 592 634 dotesn
618 589 698 638 reete·
711 583 790 639 reddi
808 585 864 640 sibi
883 585 956 641 desi·-

83 656 178 709 d‘erare
198 657 320 722 dixit=⁵³,
352 679 424 732 quae
444 704 450 715 .
469 705 473 716 .
492 705 498 716 .
516 667 590 738 quod
611 672 693 722 etiam
712 672 741 724 in
761 680 839 742 patre
858 691 956 730 serva·

78 743 172 806 bitur,
193 747 243 814 qui
263 752 455 802 consentiente
475 753 533 804 fitia
551 772 581 808 re
602 795 608 806 .
628 794 636 808 .
655 797 663 813 .
679 758 700 793 55
720 774 771 812 nea
791 763 955 818 moratoriae

77 829 214 883 dilationi
231 833 308 885 locus
329 838 396 898 erit,
419 839 493 910 quod
512 843 591 896 mal.
613 883 621 900 .
643 879 650 893 .

76 916 98 986 5.
123 933 181 972 sno.
219 921 353 988 Ulpianus
377 923 428 982 lib.
452 927 570 986 xxxin.
590 929 626 981 ad
643 929 778 984 Edictum.
814 933 889 986 inter
910 950 955 988 ee·

75 1014 142 1058 tere
162 1003 306 1060 reddenda
328 1046 335 1059 .
359 1051 366 1066 .
392 1020 448 1064 .ut
464 1016 486 1049 55
510 1017 695 1072 retentionutn
720 1021 792 1072 ratio
808 1017 951 1073 habeatur,

73 1092 228 1162 Siquidem
250 1098 378 1149 convenit
396 1137 401 1149 .
421 1137 427 1148 .
449 1116 506 1152 non
517 1103 539 1140 55
563 1104 685 1158 deterior
706 1105 779 1160 dotis
798 1123 879 1160 eausa
895 1107 952 1172 fias,

74 1179 133 1230 nisi
154 1181 186 1230 in
205 1197 268 1232 eum
287 1199 398 1248 casum,
416 1203 471 1257 quo
489 1229 497 1245 .
519 1227 525 1239 .
544 1193 586 1239 .⁵⁷
603 1191 656 1244 hoc
674 1196 748 1246 enim
760 1195 950 1263 iureutimur3

75 1272 107 1316 st
132 1266 256 1318 lulianus
275 1269 374 1321 scribit
384 1308 397 1333 ‚.
414 1282 442 1325 et
460 1283 501 1328 est
520 1278 680 1348 rescriptum
702 1318 708 1330 .
728 1319 734 1333 .
755 1318 761 1334 .
781 1281 830 1334 dos
842 1281 865 1316 ⁵⁸
883 1282 951 1333 rcti·

76 1351 140 1403 neri
158 1361 215 1403 nno
233 1354 292 1406 tilio
311 1358 515 1416 interveniente
532 1373 645 1436 potest,
671 1367 694 1420 si
713 1367 795 1421 modo
809 1384 870 1421 non
891 1369 951 1420 aul·

75 1441 193 1506 pa...⁵⁹
218 1443 318 1512 quodsi
351 1445 422 1498 nihii
444 1453 586 1517 convenit,
617 1453 786 1508 exercendae
813 1455 949 1508 retentio·-

73 1541 126 1578 nes
146 1543 205 1580 non
219 1537 284 1581 sunt
296 1531 326 1581 ⁶⁰.

75 1611 103 1682 ς..
123 1631 181 1667 ros.
218 1615 383 1686 Papinianus
397 1621 587 1699 iib.lV.iierp.
606 1628 668 1681 Non
682 1624 717 1679 ab
737 1643 770 1680 eo
793 1625 873 1697 culpa
893 1625 950 1679 dis·

75 1699 202 1752 sociandi
220 1709 391 1760 matrimonii
406 1710 551 1778 prcceds't,
577 1715 628 1786 qui
656 1717 783 1768 rsstrstinm
800 1711 948 1768 divortii⁰¹

73 1789 170 1853 misit,
189 1789 304 1859 sedrqui
324 1793 435 1848 discidii
454 1801 645 1853 necessitatem
665 1801 774 1854 inducit
790 1801 819 1850 ⁶².

74 1875 98 1946 §.
122 1893 183 1928 raa.
220 1881 296 1932 trem.
335 1881 484 1949 Convenit,
516 1895 546 1938 ut
574 1887 691 1942 divortio
717 1887 761 1941 rel
790 1895 877 1940 morte
895 1887 953 1939 siri·

76 1962 171 2018 soluto
192 1969 442 2023 matrimonio...

378 2079 648 2093 *Ἤ

76 2126 122 2196 52)
139 2125 242 2178 iiuehh.
256 2131 331 2182 Iulio
352 2133 498 2188 iuliano..
512 2133 623 2190 Datum.
660 2133 705 2202 53)
717 2133 760 2184 ita
772 2133 904 2186 Mat-v.
926 2134 947 2186 d

74 2211 138 2248 oum
161 2197 235 2252 linea
254 2203 377 2259 traiecta.
423 2205 464 2254 An
484 2201 638 2256 dixerunt?
704 2205 750 2276 54)
770 2207 811 2256 An
832 2201 944 2276 repudi·

73 2283 120 2320 um
136 2270 227 2332 arisit,
246 2278 295 2320 aut
313 2275 411 2342 repetit
429 2271 542 2326 dotem?
559 2275 727 2326 Postremum
748 2272 850 2328 Buchh.
869 2291 945 2330 reee-

69 2339 122 2406 pit.
184 2341 230 2408 55)
250 2341 407 2409 legendum
429 2352 511 2412 puto:
530 2341 570 2396 od
585 2344 732 2408 Edictum,
752 2348 827 2399 inter
841 2357 942 2398 cetera.

69 2405 222 2461 Reddenda
241 2410 291 2463 dos
308 2426 347 2465 est
367 2415 427 2478 ita,
446 2425 482 2464 ut.
562 2415 606 2483 56)
625 2416 696 2482 Lege
715 2417 868 2478 convenit,
894 2435 942 2469 cu·

68 2477 192 2532 nendum
210 2493 268 2543 est,
287 2501 329 2534 ne.
400 2488 445 2553 57)
465 2486 522 2534 An:
542 2501 596 2555 quo
614 2485 675 2557 filii
694 2488 823 2540 exstent?
895 2486 943 2552 58)

70 2545 191 2618 Ssippic:
220 2549 338 2620 Ideoque
362 2567 389 2607 et
413 2566 473 2606 tota
500 2551 558 2609 dos.
585 2557 616 2606 cf.
648 2557 677 2608 t.
699 2560 741 2624 ni.
761 2557 792 2606 D.
812 2557 846 2606 dc
869 2566 940 2625 pact.

70 2616 126 2677 dot.
164 2620 292 2688 59)Ke11.
304 2643 361 2676 nors
378 2625 461 2695 culpa
483 2625 579 2676 mariti
596 2624 748 2680 divortium
757 2625 872 2696 sactum
892 2639 942 2684 est.

69 2689 116 2759 60)
140 2691 288 2762 Reliquum
315 2695 431 2760 spotiuus
451 2697 579 2746 v'crsicuii
597 2701 731 2764 scriptura
749 2713 843 2750 vacare
862 2697 940 2750 vide·

69 2763 121 2810 tus.
139 2761 207 2813 Mai.
244 2763 415 2830 61)SicMoi.
436 2781 468 2814 cx
487 2763 570 2815 sciroi.
589 2767 663 2836 quod
685 2767 714 2819 in
733 2784 814 2836 marg.
827 2769 866 2818 ita
881 2778 941 2821 est:

68 2827 131 2880 Non
149 2830 186 2882 ab
206 2848 238 2883 eo
260 2835 366 2902 cuipam
384 2834 503 2888 divortii
526 2836 693 2906 procedere,
723 2841 773 2910 qui
798 2839 942 2908 repudium

68 2897 163 2962 dedit,
192 2900 242 2954 sed
261 2906 311 2973 pui
328 2905 416 2956 dandi
434 2909 622 2960 necessitatem
647 2907 751 2960 indixit
797 2909 871 2959 Corr.
896 2913 942 2961 in·

68 2967 158 3026 doxis.
174 2971 241 3023 Mai.
276 2976 322 3044 62)
340 2977 404 3028 Mai.
416 2977 443 3030 h,
457 2994 567 3049 quoque
583 2978 603 3038 l,
624 2981 721 3049 corrigi
741 2976 939 3034 vult-induxit.
